3167 4900
1180 268 1621 330 ...gl-

281 447 362 510 ad
423 439 624 511 Scotos
691 449 753 510 in
819 447 1114 512 chod-stum
1175 451 1462 512 credentes
1521 449 1827 511 ordinatus
1885 471 1925 510 a
1970 471 2149 532 papa
2206 448 2521 512 Coelestino

282 537 596 600 Palladius
613 539 857 619 primus
887 539 1188 620 episcopus
1217 537 1476 613 mittitur,
1511 547 1573 600 et
1594 561 1781 617 usque
1805 541 1883 600 ad
1903 541 2060 600 hunc
2082 540 2277 620 ipsum
2300 562 2519 601 annum

280 630 597 690 barbaram
641 630 824 688 fuisse
856 630 1184 689 Hiberniae
1232 629 1484 688 insulam
1529 631 1685 689 idem
1732 629 1987 708 scriptor
2032 635 2291 690 testatur
2320 631 2521 690 dicens

280 720 494 795 (contr.
527 719 675 778 Con.
721 718 890 776 XXI
935 739 1028 796 op.
1059 719 1110 792 I,
1155 739 1212 796 p.
1253 721 1395 776 197.
1469 720 1550 776 H.
1598 719 1717 777 and
1750 719 1836 779 St.
1878 720 1928 792 Ι,
1973 741 2032 797 p.
2072 721 2201 796 16):
2250 717 2521 778 ordinato

279 805 470 868 Scotis
515 806 784 888 episcopo
819 807 1236 886 [Goelestinus]
1283 806 1430 866 dum
1461 804 1804 867 Romanum
1834 805 2087 868 insulam
2120 807 2521 886 [Britanniam

280 899 352 955 cf.
399 917 558 974 supr.
605 919 663 974 p.
717 897 822 974 10]
869 895 1056 956 studet
1109 915 1338 955 servare
1381 893 1750 968 catholicam,
1790 893 1941 977 fecit
1984 895 2157 956 etiam
2202 895 2520 956 barbaram

278 982 672 1044 christianam.
749 985 916 1057 Quae
947 985 1246 1062 Prosperi,
1292 991 1504 1062 utpote
1535 984 1860 1044 Coelestini
1906 986 2187 1063 aequalis,
2236 986 2309 1044 de
2342 987 2521 1045 misso

279 1074 554 1133 Palladio
601 1074 868 1133 narratio
915 1074 1030 1132 fide
1079 1074 1314 1150 dignior
1359 1095 1484 1134 esse
1518 1075 1661 1133 mihi
1692 1074 1947 1147 videtur,
1998 1095 2173 1152 quam
2208 1095 2359 1152 quae
2391 1081 2521 1134 tota

278 1163 470 1241 possit
529 1163 730 1222 vocari
789 1163 852 1220 in
907 1163 1340 1222 dubitationem
1397 1162 1623 1240 (Sohffll
1678 1184 1735 1240 p.
1788 1165 1867 1220 77
1928 1164 1999 1222 cf.
2048 1185 2227 1242 supra
2282 1187 2339 1242 p.
2393 1165 2520 1240 24).

277 1253 402 1311 Uni
433 1271 575 1329 ergo
607 1251 934 1310 Hiberniae
967 1252 1235 1330 apostolo
1267 1272 1398 1309 cum
1431 1252 1707 1329 episcopo
1730 1253 2002 1310 Romano
2036 1253 2520 1312 consuetudinem

277 1341 458 1400 fuisse
521 1346 768 1400 constat.
861 1339 1093 1400 Infecta
1153 1361 1218 1399 re
1271 1341 1438 1398 illum
1493 1361 1613 1400 uno
1659 1347 1961 1400 transacto
2008 1361 2163 1399 anno
2206 1342 2521 1401 revertisse

278 1429 626 1508 Prosperus,
673 1450 848 1505 quem
894 1431 1021 1503 hoc,
1067 1429 1119 1488 si
1165 1429 1387 1488 factum
1429 1436 1599 1503 esset,
1646 1431 1851 1507 fugere
1892 1449 2011 1488 non
2041 1430 2255 1507 potuit,
2304 1450 2527 1506 nequa-

280 1539 459 1594 quam
530 1525 762 1591 narrat,
832 1518 1009 1576 immo
1071 1519 1331 1596 primum
1391 1519 1723 1577 Hiberniae
1786 1519 2126 1596 episcopum
2187 1518 2521 1577 Palladium

279 1607 608 1686 appellavit
639 1614 700 1666 et
727 1627 908 1684 opera
941 1611 1066 1684 ejus
1097 1607 1350 1666 insulam
1381 1607 1702 1666 barbaram
1735 1608 2121 1666 christianam
2152 1608 2370 1666 factam
2395 1629 2521 1667 esse

279 1696 524 1756 censuit.
601 1696 822 1774 Itaque
869 1717 986 1756 non
1032 1696 1172 1754 licet
1216 1701 1428 1775 putare
1473 1697 1622 1754 illud
1667 1696 1880 1774 ipsum,
1927 1696 1999 1754 de
2042 1715 2157 1772 quo
2189 1697 2523 1774 Prosperus

282 1786 469 1844 verba
500 1806 618 1845 non
648 1787 790 1846 fecit
820 1787 1040 1847 factum
1073 1805 1196 1844 esse
1227 1785 1342 1844 nisi
1365 1785 1455 1858 iis,
1489 1784 1594 1862 qui
1616 1786 1775 1844 haud
1797 1785 1885 1844 ita
1910 1786 2096 1844 multo
2120 1791 2257 1862 post
2280 1786 2520 1844 missum

279 1874 620 1934 Palladium
665 1876 741 1934 ab
789 1875 992 1933 eodem
1039 1873 1372 1934 Coelestino
1402 1873 1732 1932 Patricium
1777 1874 1837 1932 in
1878 1873 2234 1932 Hiberniam
2279 1873 2522 1934 missum

281 1983 406 2024 esse
439 1963 556 2022 sibi
590 1970 1026 2041 persuaserunt.
1086 1963 1263 2022 Hanc
1295 1964 1370 2021 ob
1401 1983 1541 2036 rem,
1574 1963 1921 2041 priusquam
1950 1963 2124 2040 plura
2155 1963 2417 2022 dicamus
2450 1963 2523 2021 de

277 2051 569 2126 Palladio,
617 2053 1018 2128 quaerendum
1066 2059 1155 2112 est
1199 2052 1386 2125 nobis,
1435 2053 1727 2128 quomodo
1775 2071 1835 2110 se
1865 2051 2085 2111 habeat
2114 2052 2431 2111 Patricius.

458 2141 614 2200 Male
673 2143 942 2219 profecto
1004 2162 1063 2200 se
1123 2141 1304 2200 habet
1358 2147 1565 2200 nostra
1620 2140 1693 2199 de
1738 2140 2005 2200 Patricio
2052 2141 2283 2201 notitia.
2377 2141 2521 2216 Qui·

280 2250 532 2306 cumque
579 2230 734 2288 enim
779 2231 1044 2309 paullum
1089 2230 1496 2289 laboraverint
1539 2231 1603 2288 in
1650 2230 2057 2288 adumbranda
2088 2230 2341 2289 Patricii
2380 2231 2521 2302 vita,

281 2340 418 2377 mox
466 2319 772 2380 invenient
818 2321 1034 2378 multas
1078 2339 1202 2391 res,
1251 2338 1400 2395 quae
1447 2319 1691 2378 maximi
1736 2319 2019 2379 momenti
2064 2324 2203 2378 sunt
2247 2319 2322 2376 ad
2363 2319 2521 2394 judi-

283 2409 539 2468 candum
585 2408 658 2467 de
699 2407 948 2468 Patricii
995 2407 1245 2469 historia
1291 2408 1439 2467 adeo
1487 2407 1677 2467 adhuc
1724 2429 1850 2468 esse
1897 2409 2005 2467 sub
2047 2407 2262 2483 judice,
2310 2413 2379 2467 ut
2408 2408 2523 2467 viri

282 2498 445 2556 docti
505 2518 624 2556 non
670 2498 856 2557 solum
905 2498 1056 2556 alius
1102 2499 1212 2556 hoc
1258 2498 1408 2556 alius
1453 2496 1604 2555 illud
1649 2498 1935 2571 affirmet,
1992 2497 2093 2555 sed
2142 2497 2321 2555 etiam
2368 2498 2521 2555 idem

282 2586 446 2645 aliud
507 2586 624 2645 alio
686 2593 952 2664 tempore
1015 2588 1091 2663 (e.
1137 2608 1194 2663 g.
1242 2585 1464 2660 Sabell,
1527 2585 1865 2645 dissertatio
1929 2585 2092 2644 1851
2158 2591 2219 2643 et
2262 2585 2521 2662 Herzog,

281 2674 357 2733 R.
404 2674 477 2733 E.
535 2695 580 2733 s.
628 2697 682 2734 v.
728 2674 1045 2735 Patricius.
1121 2673 1342 2751 1858),
1405 2694 1597 2752 neque
1657 2675 1813 2733 hunc
1874 2674 2222 2752 scriptorem
2282 2672 2523 2752 putabis

283 2764 481 2822 omnia
521 2762 757 2837 dixisse,
805 2764 856 2823 si
885 2763 1099 2841 legeris
1131 2764 1313 2838 illum,
1361 2784 1496 2825 nam
1528 2763 1695 2841 prio-r
1726 2762 1941 2836 omisit,
1974 2764 2048 2822 de
2082 2763 2295 2840 quibus
2328 2768 2521 2841 poste-

283 2852 405 2911 rior
449 2853 624 2929 plura
670 2852 812 2911 fecit
857 2853 1057 2913 verba.
1150 2854 1281 2926 Quo
1330 2853 1562 2913 factum
1601 2858 1717 2925 est,
1762 2858 1831 2910 ut
1876 2872 2092 2925 omnes,
2140 2852 2244 2927 qui
2290 2852 2362 2909 de
2406 2852 2522 2910 Pa-

285 2942 456 3000 tricio
527 2940 932 3000 disseruerunt
991 2960 1183 3018 neque
1243 2941 1360 3019 ipsi
1418 2947 1608 3000 totam
1669 2960 1793 2999 rem
1854 2942 2031 3018 plane
2092 2940 2523 3017 intelligebant,

285 3050 512 3089 errores
575 3050 690 3088 non
752 3029 1125 3091 vitaverint1.
1219 3030 1436 3106 Itaque
1495 3050 1691 3107 neque
1752 3049 1889 3105 eg0,
1952 3048 2082 3086 cum
2142 3049 2261 3086 non
2325 3048 2525 3087 omnes

433 3240 454 3271 ²
492 3238 798 3304 Ebrardus,
840 3256 968 3293 cum
1003 3238 1214 3291 librum
1252 3255 1410 3291 suum
1451 3237 1848 3300 conscriberet,
1888 3236 2092 3290 idonea
2116 3236 2389 3290 historiae
2416 3237 2523 3291 Pa-

285 3309 439 3363 tricii
479 3310 714 3363 scientia
753 3327 982 3377 prorsus
1024 3309 1220 3362 caruit.
1285 3306 1414 3362 Duo
1451 3306 1737 3361 sufficiant
1760 3308 2103 3361 testimonia.
2169 3308 2257 3361 De
2286 3308 2523 3362 Patricii

287 3381 666 3445 confessione,
721 3398 882 3447 quam
924 3384 1154 3447 praeter
1191 3380 1587 3433 necessitatem
1630 3378 1725 3447 (cf.
1768 3378 2026 3446 Loening
2062 3378 2141 3442 II,
2182 3380 2287 3434 413
2325 3384 2427 3433 not
2464 3384 2523 3433 et

289 3452 364 3505 H.
407 3452 518 3505 and
556 3450 638 3505 St.
678 3450 756 3515 ΙΙ,
799 3453 846 3505 2.
889 3452 991 3507 296
1030 3452 1173 3517 not.)
1226 3452 1286 3503 in
1333 3450 1648 3519 appendice
1688 3468 1755 3503 ex
1794 3452 1927 3503 Act.
1968 3448 2068 3503 SS.
2116 3452 2521 3519 transscripsit,

289 3524 457 3575 dixit:
498 3523 598 3588 „in
634 3522 804 3576 ciuem.
839 3522 1078 3591 einziyen
1105 3520 1216 3575 Ms.
1247 3522 1337 3575 des
1379 3520 1771 3575 monasterium
1795 3520 1898 3575 Sti.
1935 3520 2153 3575 Vedasti
2176 3522 2524 3577 vorhanden“

287 3594 540 3647 nesciens
577 3593 760 3646 adhuc
786 3594 976 3661 plures
1003 3598 1227 3647 exstare
1255 3592 1475 3645 codices
1503 3608 1809 3659 eorumque
1837 3592 2267 3648 celeberrimum
2293 3594 2354 3646 in
2378 3594 2523 3647 libro

288 3664 704 3717 Ardmachano.
782 3662 936 3733 Ergo
983 3680 1055 3716 ne
1103 3662 1489 3717 tenuissimam
1537 3661 1765 3731 quidem
1810 3662 2159 3717 auditionem
2197 3664 2417 3733 accepit
2453 3664 2523 3717 de

285 3736 393 3787 hoc
431 3736 594 3797 libr0‚
636 3734 706 3786 de
745 3751 854 3802 quo
893 3734 1042 3787 infra
1079 3735 1380 3787 dicendum
1421 3737 1521 3797 est,
1561 3733 1699 3802 quin
1735 3734 1905 3785 etiam
1930 3750 2001 3786 ne
2028 3734 2087 3788 id
2111 3734 2338 3802 quidem
2363 3736 2521 3803 leg-it,

287 3806 438 3874 quod
467 3805 786 3858 Schoellius
825 3822 936 3859 non
975 3805 1158 3858 dicam
1196 3806 1254 3858 in
1295 3805 1691 3858 dissertatione
1718 3821 1773 3872 p.
1802 3804 1870 3859 68
1897 3804 1996 3857 sed
2020 3805 2078 3857 in
2106 3804 2335 3875 Herzog
2358 3806 2427 3859 R..
2456 3806 2523 3861 E.

287 3878 389 3930 Bd.
431 3878 496 3929 11
538 3876 608 3928 de
645 3876 931 3930 codicibus
973 3876 1251 3929 disseruit.
1319 3875 1485 3943 Quod
1525 3875 1622 3944 qui
1659 3877 2017 3946 cognoverit,
2059 3894 2171 3928 non
2208 3878 2520 3939 mirabitur,

287 3948 436 4015 quod
488 3965 599 4000 una
647 3948 767 4000 sola
817 3964 888 3999 ex
924 3947 1222 4014 permultis
1261 3946 1501 4000 Patricii
1538 3946 1671 3999 vitis
1712 3963 1887 4015 eaque
1924 3946 2168 4000 omnium
2208 3963 2387 4014 paene
2425 3964 2523 4014 po·

288 4022 498 4071 strenia
535 4018 798 4073 Ebrardo
843 4022 978 4071 nota
1027 4018 1198 4071 fuisse
1247 4018 1473 4072 videtur
1523 4018 1619 4084 (cf.
1660 4015 1883 4071 Ebrard
1919 4034 1975 4085 p.
2017 4017 2109 4085 10)
2148 4048 2216 4055 -
2259 4018 2525 4070 videlicet

289 4105 369 4153 ea,
410 4106 554 4158 quae
593 4091 714 4141 sola
752 4092 937 4142 exstat
972 4088 1032 4141 in
1056 4088 1188 4141 Act.
1221 4088 1322 4143 SS.
1351 4089 1497 4143 Boll.
1527 4086 1694 4141 Mart.
1739 4087 1805 4139 17
1843 4104 1897 4155 p.
1928 4088 2032 4140 540
2060 4104 2177 4156 sqq.
2244 4086 2351 4141 His
2386 4105 2523 4141 vero

286 4160 452 4213 Actis
480 4158 579 4213 SS.
619 4160 702 4211 ita
737 4177 864 4212 usus
901 4164 1002 4224 est,
1042 4162 1106 4213 ut
1144 4159 1614 4213 commentarium
1652 4158 1945 4226 praevium
1986 4158 2373 4213 Bollandistae
2410 4176 2525 4211 non

287 4232 519 4301 legeret,
543 4262 608 4271 -—
634 4229 884 4298 alioquin
913 4231 982 4283 de
1009 4230 1136 4283 aliis
1162 4229 1293 4283 vitis
1321 4226 1645 4284 audivisset.
1676 4260 1735 4269 -—
1765 4229 1889 4297 Quo
1915 4230 2145 4281 tandem
2164 4232 2293 4297 jure
2312 4229 2525 4283 Ebrar-

287 4302 388 4355 dus
437 4303 524 4356 his
574 4300 780 4355 diebus·
821 4301 1184 4370 (Bonifatium
1243 4301 1406 4369 1882)
1453 4300 1701 4353 ludibrio
1749 4301 1856 4354 sibi
1902 4300 2075 4353 habet
2112 4300 2327 4354 doctum
2362 4318 2527 4355 suum

287 4372 665 4427 adversarium
703 4370 1070 4426 Fischerum?
