3167 4900
1214 226 1481 291 -ᾒ93
1574 260 1659 271 ..-

322 426 444 467 esse
457 450 471 479 ,
532 406 715 465 immo
758 406 1034 483 putabat,
1082 424 1253 463 suum
1300 424 1540 463 morem.
1571 424 1698 463 esse
1726 404 2100 463 'catholicum
2145 421 2340 479 neque
2385 400 2557 460 dubi,

324 497 509 568 tabat,
558 493 704 572 quin
732 494 1139 553 Romanorum
1184 512 1309 552 mos
1358 514 1489 552 cum
1536 512 1642 551 suo
1689 497 2057 569 congrueret.
2129 492 2321 567 Quam
2367 489 2558 568 opini-

320 604 491 644 onem
553 589 871 661 postquam
925 582 1135 641 falsam
1190 582 1497 659 cognovit,
1556 582 1758 654 tertia,
1822 601 1976 658 quae
2021 586 2216 640 exstat
2231 624 2244 651 ,
2305 578 2560 657 epistola

320 674 395 733 ad
440 670 725 749 Gregorii
768 690 1177 743 successorem,
1225 670 1463 747 quiquis
1506 671 1626 729 fuit
1671 670 2036 748 [Bonifatius
2077 669 2174 728 IV
2191 669 2220 727 ἲ
2265 666 2556 743 Fleming,

318 784 373 841 p.
412 761 558 833 111,
605 766 727 819 not.
760 763 838 838 a),
885 760 1065 818 missa
1109 760 1221 819 hoc
1264 778 1447 819 unum
1493 780 1529 817 a
1574 778 1734 836 papa
1779 759 2012 836 petivit,
2055 764 2128 817 ut
2173 757 2288 815 sibi
2319 756 2559 831 suisque

318 852 522 909 liceret
570 849 823 925 amplius
868 849 1189 907 observare
1230 847 1618 907 traditionem
1663 850 1954 923 majorum
1993 850 2121 925 (ep.
2147 847 2178 903 1
2207 846 2374 903 Bibl.
2405 863 2558 901 max.

318 938 472 1011 XII,
518 959 578 1016 p.
613 937 699 994 24
728 937 823 1015 F).
900 937 985 996 Et
1030 938 1346 997 observata
1392 937 1483 995 est'
1510 956 1672 994 anno
1699 937 1880 995 etiam
1915 937 2066 1009 610,
2107 954 2245 993 nam
2269 932 2560 1009 Columba

319 1029 384 1087 in
442 1026 702 1105 epistula
754 1026 884 1099 illa,
918 1044 1123 1103 quam
1180 1046 1255 1083 ex
1298 1026 1668 1085 Nannetensi
1721 1026 1876 1084 urbe
1930 1025 2006 1082 ad
2061 1022 2381 1099 discipulos
2425 1037 2560 1079 suos

320 1116 497 1188 misit,
542 1115 837 1174 hortatus-
860 1121 951 1173 est
994 1134 1147 1185 suos,
1192 1134 1273 1171 ne
1312 1114 1718 1173 alienarentur
1761 1134 1798 1173 a
1841 1112 1951 1173 sua
1995 1111 2336 1183 traditione,
2383 1116 2561 1185 quam

321 1204 503 1264 etiam
548 1210 691 1262 tunc
736 1203 1039 1262 meliorem
1080 1202 1391 1278 ,iudicabat
1420 1205 1536 1279 (ep.
1572 1204 1630 1261 3.
1677 1202 1836 1261 Bibl.
1867 1222 2022 1261 max.
2051 1200 2206 1273 XII,
2253 1220 2312 1277 p.
2345 1201 2426 1258 27
2461 1198 2560 1271 Β).

322 1292 547 1352 Tamen
592 1292 656 1351 in
686 1291 871 1351 Italia
902 1291 1193 1351 Columba
1238 1291 1475 1351 videtur
1520 1310 1583 1349 se
1629 1293 2026 1351 conformasse
2071 1290 2149 1349 ad
2177 1308 2400 1347 morem
2429 1286 2560 1347 uni·

320 1402 527 1441 versae
566 1382 861 1453 ecclesiae,
908 1400 1045 1439 nam
1076 1381 1141 1438 in
1172 1380 1401 1452 ultima,
1451 1400 1629 1457 quam
1659 1382 1961 1452 habemus,
2009 1379 2281 1458 epistula,
2327 1397 2402 1435 ex
2429 1376 2562 1454 ipsa

321 1470 503 1530 Italia
548 1470 627 1528 ad
650 1470 1022 1529 Bonifatium
1046 1469 1142 1527 IV
1172 1488 1390 1546 papam
1421 1469 1602 1527 missa
1626 1472 1742 1548 (ep.
1768 1470 1828 1528 4.
1875 1468 2034 1527 Bibl.
2057 1488 2210 1526 max.
2227 1488 2285 1544 p.
2307 1466 2392 1523 28
2407 1464 2562 1541 sqq.)

323 1559 393 1617 de
453 1558 718 1637 paschali
780 1558 1187 1617 controversia
1238 1577 1359 1615 non
1408 1560 1535 1632 jam
1577 1556 1649 1617 fit
1693 1558 1933 1617 mentio.
2023 1556 2251 1615 Eodem
2296 1560 2564 1631 tempere

322 1648 383 1707 in
410 1646 633 1709 -Gallia
689 1647 1015 1724 discipulos
1060 1646 1385 1706 Columbae
1431 1643 1747 1705 Scotorum
1803 1645 2143 1705 celebrandi
2197 1663 2420 1702 morem
2465 1640 2564 1698 dc·

322 1736 589 1814 posuisse
634 1735 1053 1814 suspicandum
1102 1742 1206 1794 est.
1298 1733 1525 1793 Tamen
1571 1736 1858 1794 nonnulla
1901 1734 2392 1810 relinquebantur
2409 1727 2562 1789 ‹Sco-

210 1862 216 1866 -
322 1832 521 1885 torum
568 1825 827 1903 propria,
877 1844 1032 1902 quae
1062 1822 1255 1883 Gallis
1300 1822 1611 1882 offensioni
1657 1844 1784 1883 esse
1826 1827 2086 1901 possent.
2163 1821 2296 1893 Quo
2341 1820 2565 1877 factum

322 1919 430 1986 est,
461 1918 531 1971 ut
560 1934 717 1972 anno
748 1913 943 1972 etiam·
962 1913 1091 1971 624
1123 1912 1307 1988 (Mab.
1330 1912 1417 1983 Π,
1448 1913 1555 1973 vit.
1578 1912 1818 1972 Eustas.
1855 1914 1953 1969 10.
1985 1932 2120 1969 ann.
2147 1909 2296 1980 625,
2325 1928 2383 1986 p.
2414 1906 2566 1980 119)

325 2001 669 2079 Agroetius,
728 2002 991 2079 perfidus
1050 2007 1114 2060 et
1171 2000 1428 2059 infidelis
1483 2000 1724 2078 qnidam
1779 1998 2172 2059 Luxoviensis
2225 1992 2568 2075 monasterii

326 2090 671 2163 monachae,
733 2090 1075 2151 Eustasium
1122 2090 1397 2149 abbatem
1446 2088 1906 2162 Luxoviensem,
1965 2088 2059 2147 cui
2105 2087 2376 2147 inimicus
2421 2088 2567 2155 erat,

328 2198 525 2237 coram
571 2176 821 2255 synodo,
866 2178 1291 2237 Matisconensi
1333 2178 1399 2236 in
1442 2179 1592 2236 urbe
1638 2185 2024 2256 congregata,
2071 2175 2380 2256 episcopis
2420 2192 2567 2232 non·

328 2268 505 2326 nullis
562 2268 803 2343 adjutus
848 2268 1229 2327 dissensionis
1274 2267 1353 2325 ab
1398 2267 1650 2327 ecclesia
1696 2268 1984 2327 catholica
2029 2286 2304 2326 accusare
2349 2268 2569 2342 posset.

330 2356 463 2429 Qua
507 2357 570 2413 in
616 2357 839 2431 synodo
887 2356 961 2415 de
1006 2356 1174 2416 festis
1220 2356 1429 2414 diebus
1474 2356 1852 2434 paschalibus
1893 2355 2266 2415 celebrandis
2296 2372 2416 2411 non
2441 2355 2568 2427 jam

326 2446 631 2522 agebatur,
680 2453 741 2505 et
784 2446 997 2504 ceteris
1010 2491 1025 2519 ,
1072 2464 1225 2522 quae
1270 2444 1543 2523 protulit,
1589 2442 1910 2522 Agrestius
1939 2444 2196 2504 minime
2241 2441 2452 2513 effecit,
2499 2445 2568 2499 ut

324 2534 677 2594 discordiam
740 2535 1082 2594 concitaret.
1173 2533 1407 2592 Deinde
1468 2554 1541 2592 ex
1601 2553 1670 2592 eo
1731 2539 1996 2611 tempore
2049 2531 2214 2590 Galli
2269 2549 2390 2589 non
2442 2531 2570 2605 jam

328 2623 723 2682 meminerunt
752 2622 1103 2682 Columbam
1150 2628 1211 2681 et
1248 2621 1439 2681 socios
1470 2624 1600 2696 ejus
1627 2623 1810 2695 fuisse
1839 2620 2184 2699 peregrinos
2215 2626 2279 2678 et
2305 2617 2570 2676 moribus

332 2711 445 2770 sibi
499 2711 647 2791 ipsis
702 2712 949 2772 alienos:
1012 2731 1150 2770 nam
1206 2731 1357 2789 quae
1411 2710 1656 2788 propria
1707 2712 1946 2770 fuerant
1991 2709 2304 2769 Scotorum
2348 2705 2570 2786 partim

330 2801 405 2858 ab
462 2800 621 2878 vipsis
690 2799 957 2878 deposita
1018 2807 1190 2860 erant
1248 2799 1470 2877 partim
1530 2806 1772 2878 recepta
1831 2821 1870 2858 a·
1931 2799 2124 2859 Gallis
2191 2799 2388 2859 aliena
2447 2817 2570 2856 esse

327 2888 642 2947 desierant.

508 2976 627 3036 Sed
685 2997 975 3054 quaenam
1030 2985 1203 3036 erant
1255 2977 1365 3036 illa
1408 2976 1720 3035 Scotorum
1775 2977 2064 3054 propria?
2143 2976 2324 3034 Haec
2375 2975 2570 3034 denuo

329 3066 438 3124 hoc
484 3066 613 3124 loco
662 3066 899 3141 exsistit
937 3065 1205 3143 quaestio
1237 3065 1407 3142 eique
1439 3064 1754 3123 solvendae
1785 3065 1977 3123 denuo
2011 3084 2250 3141 operam
2283 3068 2572 3122 navantes

332 3174 417 3227 ea,
468 3174 619 3231 quae
666 3173 847 3232 supra
880 3157 1007 3230 jam
1037 3153 1309 3226 diximus,
1356 3173 1489 3212 cum
1520 3153 1998 3212 confirmabimus
2027 3158 2156 3212 tum
2188 3151 2572 3230 explebimus.

507 3241 841 3321 Praecipua
900 3242 1395 3303 controversionis
1455 3261 1632 3301 causa
1693 3241 1871 3301 etiam
1925 3242 2036 3301 hoc
2089 3242 2218 3300 loco
2274 3241 2390 3299 fuit
2433 3239 2575 3300 festi

333 3331 625 3408 paschalis
671 3333 1052 3409 computatiO,
1100 3332 1173 3390 de
1222 3350 1339 3407 qua
1385 3351 1518 3389 cum
1562 3349 1746 3406 supra
1790 3331 1936 3389 satis
1970 3333 2094 3407 jam
2126 3329 2573 3406 disputaverim,

334 3418 395 3476 id
452 3438 635 3478 unum
696 3420 939 3494 addam,
1002 3420 1163 3498 quod
1220 3419 1365 3478 haec
1425 3419 1498 3476 de
1553 3419 1922 3478 celebrandis
1975 3418 2146 3478 festis
2199 3417 2576 3495 paschalibus

334 3506 541 3567 diebus
586 3508 875 3568 dissensio
916 3510 1062 3569 adeo
1095 3529 1285 3588 paene
1314 3529 1435 3568 una
1466 3527 1534 3565 ac
1564 3508 1692 3566 sola
1722 3508 2157 3568 controversiae
2187 3527 2368 3566 causa
2395 3507 2575 3566 fuisse

335 3595 595 3671 videtur,
658 3604 728 3656 ut
783 3596 1071 3658 Columba
1130 3599 1196 3656 in
1250 3595 1521 3675 epistulis
1574 3597 1698 3656 suis
1752 3596 1826 3655 de
1880 3597 2042 3655 nullo
2099 3595 2216 3655 alio
2265 3595 2577 3656 Scotorum

332 3704 495 3744 more
540 3686 727 3744 verba
781 3688 1019 3745 faceret.
1109 3686 1265 3746 Nam
1313 3683 1537 3745 erravit
1580 3685 1974 3762 Rettbergius
2021 3684 2130 3760 (II,
2179 3707 2239 3763 p.
2289 3686 2399 3762 37)
2445 3704 2578 3742 cum

333 3773 572 3849 putavit
618 3773 965 3834 Columbam
1013 3773 1307 3852 Gregorio
1367 3792 1559 3851 papae
1621 3774 1800 3833 etiam
1854 3775 1926 3834 de
1975 3773 2284 3833 Scotorum
2331 3780 2576 3833 tonsura

334 3861 656 3938 scripsisse.
732 3862 827 3922 De
858 3864 969 3922 hac
998 3863 1067 3921 fit
1096 3863 1319 3922 mentio
1351 3863 1414 3922 in
1446 3862 1670 3938 synodo
1701 3863 2141 3935 Matisconensi,
2171 3862 2275 3921 sed
2307 3858 2580 3938 cognosci

335 3968 453 4008 non
499 3956 715 4028 potest,
761 3959 961 4011 utrum
994 3951 1315 4028 Agrestius
1360 3951 1525 4011 illam
1570 3972 1698 4009 rem
1745 3951 1856 4010 soli
1895 3948 2194 4030 „reli9iom'
2225 3944 2571 4008 Columbae“

334 4039 437 4098 sed
469 4040 651 4098 etiam
673 4038 955 4100 Eustasio
987 4040 1221 4099 crimini
1245 4040 1476 4098 dederit
1500 4040 1630 4114 (vit.
1654 4039 1892 4099 Eustas.
1925 4040 2002 4096 12
2027 4037 2186 4096 Mab.
2209 4037 2296 4110 H,
2319 4058 2378 4114 p.
2409 4038 2579 4112 120),

334 4128 625 4187 nescimus
690 4128 843 4188 enim
859 4174 873 4203 ,
938 4129 1175 4206 quando
1220 4128 1628 4188 Luxovienses
1681 4147 1904 4187 morem
1957 4127 2126 4185 illum
2182 4127 2580 4205 deposuerint.

337 4214 593 4290 CeteriS‚
660 4237 809 4292 quae
864 4218 1233 4297 proferebat,
1294 4213 1616 4294 Agrestius
1669 4216 1890 4294 partim
1943 4217 2210 4294 regulam
2257 4215 2581 4275 Columbae

334 4303 721 4382 vituperavit,
764 4305 838 4366 de
885 4327 1002 4384 qua
1046 4306 1203 4365 infra
1248 4305 1560 4364 dicendum
1607 4311 1716 4380 est,
1762 4306 1982 4385 partim
2029 4305 2116 4364 nil
2146 4304 2263 4364 nisi
2293 4304 2462 4380 ritus,
2509 4325 2584 4366 ex
