3167 4900
1458 228 1905 285 -32—

558 408 789 487 duplici
834 426 990 467 anno
1040 406 1167 463 640
1214 406 1291 464 ab
1336 404 1496 476 Itta,
1556 402 1806 479 Pippini
1876 401 2054 478 primi
2123 402 2400 477 conjuge,
2460 403 2810 459 constructo

562 502 805 557 auctore
850 496 1129 554 Amando
1141 536 1157 567 ,
1226 513 1401 570 quem
1445 490 1756 551 Ebrardus
1800 496 2085 568 utpote,
2089 488 2466 561 ,Culdeorum
2522 486 2808 545 inimicis·

565 586 779 646 simum
781 590 813 621 “
844 582 1285 662 despiciendum
1324 579 1525 658 potius
1572 598 1752 657 quam
1796 578 2114 637 amandum
2161 597 2286 636 esse
2333 576 2581 649 censuit,
2627 574 2812 634 simili

569 674 745 733 modo
802 692 985 750 penes
1042 670 1375 729 abbatissas
1431 668 1616 726 fuisse
1671 667 1911 727 videtur
1963 684 2192 725 summa
2235 666 2562 725 auctoritas
2608 663 2812 739 (Rett-
2905 708 2921 729 .

566 764 733 839 berg,
777 758 1382 837 Kirchengeschichte
1426 756 1866 815 Deutschlands
1909 755 1959 826 Ι,
2006 775 2064 831 p.
2113 753 2242 831 56).

741 850 951 927 Neque
994 850 1061 906 in
1102 847 1195 919 iis,
1241 866 1393 922 quae
1435 850 1748 923 praeterea
1791 843 1866 902 de
1911 842 2467 919 Nordanhymbriae
2513 846 2809 900 monaste-

564 939 671 999 riis
715 944 861 997 nota
904 942 1060 1008 sunt,
1108 934 1428 1012 quicquam
1472 932 1611 993 miri
1655 932 1936 991 cernitur.
2026 932 2084 991 N
2086 952 2118 989 e
2162 932 2316 991 illud
2359 931 2598 1007 quidem
2645 930 2810 989 affir-

564 1027 719 1087 mari
748 1032 949 1105 potest
979 1023 1243 1100 (Ebrard
1272 1043 1331 1100 p.
1367 1022 1535 1097 193),
1576 1020 1736 1099 quod
1767 1039 1958 1081 annus
1987 1019 2360 1098 probationis
2389 1021 2484 1080 vel
2515 1020 2812 1079 brevioris

568 1116 872 1191 ‘cujusdam
916 1111 1179 1171 tirocinii
1222 1118 1475 1188 tempus,
1521 1112 1690 1185 cujus
1735 1110 2093 1169 mentionem
2137 1128 2320 1186 supra
2356 1108 2462 1167 ubi
2493 1108 2566 1166 de
2597 1108 2812 1167 Hiien·

567 1204 731 1265 sibus
776 1203 1068 1278 agebatur
1113 1202 1196 1277 (p.
1244 1200 1361 1277 69)
1403 1197 1894 1270 desideravimus,
1963 1197 2024 1255 in
2071 1196 2629 1273 Nordanhymbriae
2687 1216 2812 1255 mo·

565 1290 843 1353 nastcriis
900 1289 1082 1348 moris
1140 1308 1260 1346 non
1312 1286 1495 1346 fuerit
1511 1328 1527 1359 ,
1595 1306 1734 1345 nam
1778 1286 2007 1345 Bedam
2059 1286 2326 1350 invenies
2372 1286 2453 1360 (h.
2501 1306 2550 1344 e.
2599 1286 2656 1357 4,
2704 1286 2809 1357 23,

570 1382 607 1458 ξ
643 1380 797 1455 330)
842 1379 1184 1455 loquentem
1244 1376 1319 1433 de
1377 1373 1648 1435 extremis
1703 1372 2044 1434 monasterti
2086 1374 2416 1453 [Haconos]
2473 1370 2642 1443 locis,
2709 1329 2820 1433 ubi

572 1486 761 1548 nuper
788 1465 1065 1525 venientes
1096 1463 1178 1522 ad
1209 1461 1696 1523 conversationem
1723 1459 1988 1543 sentinae
2025 1460 2280 1523 sokbant
2312 1459 2582 1562 probari,
2629 1460 2814 1522 donec

568 1552 913 1635 requlariter
952 1550 1241 1612 instinctas
1283 1550 1347 1610 in
1388 1549 1712 1611 societatem
1753 1550 2210 1631 omffleqaaonis
2254 1548 2696 1629 susciperentur.

748 1642 1005 1720 Propria
1048 1647 1247 1699 autem
1292 1640 1385 1698 his
1432 1638 1744 1699 Scotorum
1789 1640 2164 1699 monasteriis
2221 1638 2382 1698 haud
2439 1638 2619 1697 dubie
2680 1645 2814 1698 erat

570 1732 795 1810 regula,
840 1730 1163 1790 secundum
1210 1748 1387 1805 quam
1432 1728 1561 1788 vita
1605 1727 1948 1787 monachica
1991 1728 2271 1787 instituta
2315 1732 2460 1800 erat,
2505 1747 2645 1786 nam
2691 1747 2814 1786 non

572 1841 723 1898 opus
784 1826 877 1879 est
934 1836 1393 1877 commemorare
1454 1816 1549 1875 Sti
1609 1817 1922 1876 Benedicti
1979 1817 2278 1894 regulam,
2347 1815 2572 1893 quippe
2632 1836 2813 1892 quam

568 1910 799 1987 primus
861 1906 1177 1967 wilfridus
1233 1906 1298 1963 in
1356 1905 1734 1965 Britanniam
1793 1906 2088 1965 invexerit
2145 1904 2280 1981 (vit.
2324 1903 2526 1962 wilfr.
2580 1902 2819 1976 XLIV,

571 1997 729 2059 Mab.
774 1995 887 2069 IV,
926 1996 980 2068 1,
1034 2016 1091 2071 p.
1142 1994 1313 2069 705),
1380 2000 1527 2054 tunc
1584 1994 1874 2070 temporis
1931 1993 1996 2052 in
2055 1992 2374 2052 Britannia
2435 1997 2638 2051 notam
2698 2011 2823 2051 non

574 2085 770 2144 fuisse.
862 2082 982 2142 Sed
1040 2084 1115 2141 de
1171 2083 1282 2145 hac
1336 2103 1401 2141 re
1462 2083 1626 2160 apud
1685 2082 1914 2141 Bedam
1973 2081 2061 2140 nil
2122 2088 2321 2142 exstat
2379 2086 2442 2139 et
2501 2100 2655 2156 quae
2710 2100 2824 2139 nos

574 2174 826 2233 doceant
855 2171 1179 2230 Columbae
1225 2170 1618 2229 Luxoviensis
1661 2170 2035 2243 monasteria,
2078 2170 2238 2229 infra
2281 2168 2631 2228 videbimus.
2693 2167 2820 2228 Ita·

573 2280 693 2337 que
738 2260 815 2318 ad
861 2264 1187 2319 extremum
1230 2259 1529 2317 mentione
1574 2258 1736 2317 facta
1779 2258 1942 2319 vitae
1969 2259 2378 2317 -cremitarum
2433 2258 2498 2316 in
2542 2256 2818 2317 Nordan·

574 2348 847 2425 hymbria
892 2366 1127 2425 quoque
1172 2346 1451 2406 inventae
1497 2346 1698 2425 (Beda
1742 2347 1847 2407 vit.
1894 2346 2082 2406 Oudb.
2137 2349 2165 2405 1
2179 2348 2235 2420 7,
2297 2346 2334 2423 ξ
2384 2346 2487 2418 29,
2549 2345 2820 2406 Stevens.

574 2436 665 2511 ΙΙ,
710 2458 768 2516 p.
815 2436 919 2511 83,
965 2436 1037 2495 cf.
1091 2436 1188 2508 18,
1234 2435 1399 2513 §.31
1450 2457 1555 2512 sq.·,
1601 2457 1661 2514 Ρ.
1694 2436 1804 2514 85)
1852 2436 1926 2496 de
1969 2437 2098 2496 vita
2144 2434 2488 2495 monachica
2531 2434 2645 2494 hoc
2690 2434 2822 2496 loco

574 2526 721 2588 satis
766 2527 847 2586 sit
889 2525 1273 2602 disputatum.

754 2614 840 2673 Et
870 2614 1015 2672 satis
1045 2633 1235 2690 paene
1265 2614 1339 2672 de
1384 2619 1515 2673 tota
1561 2613 1824 2686 ecclesia,
1869 2633 2002 2672 cum
2045 2618 2179 2672 tota
2211 2611 2524 2672 Scotorum
2572 2613 2824 2674 ecclesia

575 2702 925 2762 monasterii
970 2702 1225 2779 speciem
1271 2703 1577 2779 praebeat.
1657 2702 2010 2778 Quanquam
2057 2701 2214 2761 enim
2261 2721 2470 2760 censeo
2516 2701 2580 2759 in
2624 2702 2820 2761 Nord-

576 2791 1039 2865 anhymbrorum
1085 2791 1329 2849 ecclesia
1373 2791 1555 2848 fuisse
1603 2789 1862 2862 clericos,
1909 2790 2014 2866 qui
2059 2789 2330 2849 monachi
2377 2809 2496 2847 non
2529 2795 2701 2848 erant
2731 2823 2820 2834 —
2879 2785 2884 2790 ’

577 2877 965 2958 paucissimos
1003 2877 1136 2936 illos
1170 2878 1407 2954 quidem
1442 2913 1518 2922 --
1555 2885 1755 2937 tamen
1787 2883 2014 2936 certum
2058 2878 2235 2954 hujus
2277 2877 2367 2936 rei
2411 2876 2822 2936 testimonium

576 2968 843 3049 proferre
888 2985 1007 3025 non
1051 2986 1307 3043 possum.
1398 2967 1747 3026 Provocabo
1792 2971 1992 3025 tamen
2039 2967 2115 3024 ad
2159 2966 2362 3025 Bedae
2423 2966 2574 3024 illud
2635 2986 2822 3038 „nam

576 3051 851 3116 monachi
892 3063 1057 3114 erant
1100 3053 1293 3114 maai
1298 3074 1425 3126 me,
1496 3053 1601 3136 qui
1653 3054 1738 3114 ad
1781 3053 2261 3135 praedicandum
2313 3062 2586 3114 venerant
2629 3055 2714 3130 (h.
2773 3075 2823 3114 e.

578 3145 640 3216 3,
660 3145 735 3216 3,
783 3145 817 3221 g
856 3144 1007 3220 157)
1054 3149 1116 3202 et
1158 3143 1235 3202 ad
1282 3164 1533 3204 canones
1578 3143 1964 3216 Hibernicos,
2026 3144 2129 3221 qui
2183 3143 2340 3202 inter
2393 3143 2714 3203 monachos
2761 3150 2823 3204 et

578 3233 820 3293 clericos
850 3232 1165 3291 discrimen
1190 3252 1495 3310 nunquam
1526 3251 1646 3290 non
1675 3233 1920 3304 faciunt,
1961 3265 2033 3278 —-
2068 3231 2172 3292 sed
2217 3231 2503 3291 confiteor
2545 3232 2822 3290 relictum

576 3341 705 3382 esse
750 3321 1143 3380 dubitationis
1201 3322 1411 3380 locum.
1502 3320 1596 3380 Eo
1641 3320 1832 3397 magis
1875 3321 2018 3380 licet
2059 3325 2258 3380 tacere
2302 3320 2377 3379 de
2423 3319 2823 3380 matrimoniis

579 3409 942 3480 clericorum,
990 3429 1242 3486 quorum
1286 3412 1513 3468 nullum
1556 3409 1762 3468 inveni
1801 3409 2138 3486 vestigium.
2197 3407 2400 3468 Unum
2443 3409 2634 3467 solum
2679 3407 2820 3468 affe·

578 3517 709 3556 ram
754 3505 1186 3574 argumentum,
1231 3498 1391 3576 quod
1436 3499 1802 3556 demonstret
1847 3497 2004 3574 apud
2035 3497 2244 3556 Scotos
2291 3496 2518 3556 clericis
2570 3531 2650 3542 —-
2699 3517 2824 3556 nou

580 3584 795 3644 addam
840 3585 1209 3662 superiorum
1254 3584 1563 3662 graduum,
1610 3605 1747 3644 nam
1793 3585 1879 3644 nil
1917 3585 2125 3658 habeo,
2172 3586 2334 3661 quod
2362 3585 2474 3644 hoc
2503 3585 2824 3644 discrimen

576 3673 792 3732 faciam
852 3707 941 3718 --
999 3693 1119 3732 non
1174 3674 1411 3734 licuisse
1470 3674 1674 3734 vivere
1733 3674 1796 3731 in
1855 3673 2266 3732 matrimoniis.
2356 3674 2434 3731 In
2493 3675 2824 3734 canonibus

580 3761 739 3821 enim
784 3761 1132 3820 Hibernicis
1177 3762 1279 3821 lib.
1326 3763 1427 3821 XI
1474 3783 1523 3822 c.
1572 3765 1611 3822 2
1645 3783 1734 3840 sq.
1779 3762 2003 3840 scripta
2057 3769 2197 3821 sunt
2242 3762 2386 3830 haec
2429 3763 2642 3822 verba:
2688 3759 2820 3821 Au-

576 3847 839 3930 9ustinus
892 3847 1003 3908 ait.-
1070 3848 1173 3932 qui
1228 3849 1336 3910 sub
1384 3851 1583 3932 yradu
1643 3849 1845 3912 cecidit
1894 3857 2040 3928 post
2099 3848 2476 3932 penitentiam
2529 3857 2826 3910 contentus

556 3937 679 4021 fiat
724 3937 1048 4019 baptizare,
1109 3938 1571 4000 communionem
1629 3938 1774 3998 darc
1825 3936 2072 4021 infirmis
2115 3946 2168 3996 et
2209 3934 2425 3997 altario
2468 3937 2824 4000 ministrare.
2860 3985 2869 3993 .

582 4024 859 4107 Synodus
903 4024 1302 4087 Hiberniensis
1346 4026 1622 4099 decrevit,
1681 4035 1745 4086 ut
1795 4025 1859 4086 in
1905 4024 2431 4108 pereqrinationem
2469 4025 2728 4094 exierint
2769 4034 2825 4085 et

577 4114 662 4176 ibi
702 4115 1034 4175 ministrare
1086 4113 1192 4174 sub
1243 4137 1426 4176 manu
1478 4114 1719 4175 abbatis.
1808 4111 2152 4174 Humanius
2195 4122 2388 4174 autem
2431 4112 2825 4175 Hibernenses

576 4203 1028 4286 interpretantur
1086 4223 1265 4262 causa
1313 4203 1628 4285 paucitatis
1689 4202 2080 4274 sacerdotum,
2146 4210 2210 4261 ut
2259 4211 2398 4282 post
2439 4202 2826 4285 penitentiam

578 4300 975 4352 consecrentur
1008 4309 1123 4373 per
1168 4311 1377 4350 manus
1419 4291 1838 4371 inpositionem,
1881 4301 1934 4352 et
1975 4291 2040 4351 in
2083 4286 2304 4351 silemio
2349 4291 2674 4354 ministrent
2715 4289 2825 4362 sub
