3167 4900
1235 253 1633 309 ...9-

313 427 644 489 Schoellius
661 471 676 500 ,
743 449 874 487 cum
938 431 1020 507 (p.
1076 429 1180 505 11)
1243 449 1316 488 ex
1377 449 1444 488 eo
1460 473 1476 502 ,
1547 430 1707 507 quod
1750 429 1840 488 illi
1893 435 2187 506 martyres
2235 427 2562 489 Verolamii

313 519 646 594 (Verulam)
679 517 1000 595 municipio
1031 517 1302 577 Romano
1347 524 1408 577 et
1452 518 1516 576 in
1561 519 1710 577 urbe
1755 518 2085 595 Legionum
2134 517 2451 595 (Caerleon
2494 517 2559 575 in

313 606 619 683 Cambria)
653 606 948 684 supplicio
987 606 1184 665 affecti
1231 627 1356 666 esse
1402 607 1741 681 traduntur,
1788 607 2205 686 suspicandum
2252 627 2377 666 esse
2424 626 2556 666 cen-

309 702 442 756 seat
471 695 694 773 oppida
722 695 827 754 illa
855 695 1128 754 Romana
1165 695 1526 754 incunabula
1555 697 1728 773 quasi
1773 696 1913 755 fidei
1958 696 2315 756 christianae
2359 695 2556 769 fuisse,

311 784 555 843 nimiam
593 783 746 842 ,mihi
789 784 1030 844 videtur
1073 783 1250 842 fidem
1293 785 1570 844 habuisse
1600 785 1835 844 fabulis.
1896 785 1993 843 Ex
2024 784 2207 844 Gilda
2238 805 2377 861 ergo
2409 784 2557 842 nihil

311 873 703 950 comperimus
751 871 824 932 de
869 873 944 932 iis
961 917 975 946 ,
1036 873 1140 949 qui
1196 873 1377 951 primi
1421 873 1775 934 Britonibus
1822 875 2192 951 evangelium
2249 873 2554 950 praedica-

311 962 538 1034 verint,
585 982 776 1038 neque
819 962 994 1040 plura
1041 983 1112 1019 ex
1155 961 1358 1022 Bedae
1404 962 1663 1040 scriptis.
1755 963 2003 1022 Omissis
2048 963 2203 1021 enim
2222 1009 2239 1040 ,
2288 982 2437 1038 quas
2482 962 2555 1020 de

297 1051 489 1110 *Lucii
547 1051 711 1126 regis
765 1050 1150 1110 conversione
1206 1051 1573 1129 temporibus
1619 1051 1932 1111 Eleutheri
1992 1052 2254 1130 episcopi
2296 1051 2556 1110 Romani

311 1141 474 1200 facta
507 1143 760 1212 enarrat,
791 1140 1010 1198 fabulis
1043 1140 1186 1216 (vid.
1217 1139 1298 1198 H.
1329 1139 1450 1198 and
1479 1138 1568 1200 St.
1592 1139 1643 1213 Ι,
1676 1162 1733 1218 p.
1762 1141 1845 1198 25
1870 1161 1982 1217 sq.;
2016 1140 2216 1200 Sohffll
2248 1161 2305 1218 p.
2334 1141 2415 1197 22
2442 1142 2553 1216 sq.)

311 1234 502 1288 restat
561 1227 1006 1287 narratiuncula
1065 1229 1137 1288 de
1183 1227 1482 1288 Germano
1529 1226 2042 1290 Autissiodorensi
2088 1235 2149 1288 et
2191 1229 2369 1306 Lupo
2429 1230 2555 1304 ejus

313 1316 530 1376 comite
575 1317 938 1393 Pelagianae
996 1317 1256 1376 haeresis
1315 1318 1705 1377 eradicandae
1752 1339 1928 1378 causa
1974 1340 2018 1376 a.
2054 1317 2368 1377 Gallicana
2414 1336 2555 1393 qua·

311 1406 450 1464 dam
506 1406 728 1482 synodo
775 1405 869 1464 bis
923 1406 986 1464 in
1031 1405 1410 1464 Britanniam
1468 1407 1661 1466 missis
1723 1408 1803 1482 (11.
1852 1429 1898 1466 6.
1946 1408 2035 1466 ed.
2082 1407 2414 1467 Stevenson
2461 1425 2556 1483 op.

313 1494 452 1553 hist.
495 1493 702 1554 Bedae
747 1493 800 1567 Ι,
861 1495 962 1552 lib.
1016 1497 1068 1568 1,
1131 1515 1256 1572 cap.
1314 1496 1390 1553 17
1439 1498 1474 1574 g
1525 1497 1651 1571 39).
1744 1495 1863 1556 Sed
1922 1517 2055 1555 cum
2114 1495 2285 1554 Beda
2344 1495 2557 1567 omnia,

315 1603 468 1660 quae
499 1588 726 1656 narrat,
756 1583 1022 1642 hauserit
1053 1604 1084 1641 e
1113 1584 1384 1643 fabulosa
1415 1583 1502 1643 St.
1525 1583 1810 1644 Germani
1832 1585 1960 1645 vita
1986 1584 2209 1662 (Sabell
2231 1606 2291 1661 p.
2318 1583 2399 1642 25
2426 1585 2557 1660 sq.),

316 1673 577 1749 Prosper
620 1669 1022 1748 Aquitanicus
1067 1673 1240 1731 testis
1285 1672 1402 1730 fide
1438 1673 1687 1749 ‘dignior
1730 1680 1821 1733 est
1866 1673 2188 1733 habendus.
2262 1672 2381 1746 Qui
2428 1692 2559 1730 cum

315 1760 715 1834 Germanum,
762 1761 840 1819 ad
887 1761 1178 1820 actionem
1226 1761 1462 1820 Paladii
1507 1762 1740 1820 diaconi
1786 1784 1822 1821 a
1865 1784 2024 1841 papa
2070 1761 2374 1820 Ofilestino
2422 1760 2557 1820 mis·

314 1870 448 1908 sum
495 1871 622 1908 esse
666 1850 871 1909 tradat
917 1849 1180 1924 (chronic
1230 1871 1282 1908 a.
1315 1851 1466 1909 dom.
1501 1851 1648 1909 429.
1681 1871 1863 1928 opera
1893 1851 1982 1909 ed.
2013 1850 2269 1910 Bassani
2305 1850 2471 1908 1782
2506 1849 2557 1922 Ι,

316 1959 375 2016 p.
409 1939 570 2011 4013
616 1937 696 1996 H.
731 1938 850 1997 and
881 1937 969 1998 St..
1015 1939 1068 2012 I,
1114 1961 1173 2016 p.
1213 1940 1318 2016 16)
1365 1939 1450 1998 nil
1495 1945 1686 1999 restat
1729 1940 1794 1998 in
1836 1939 1948 1998 hac
1994 1939 2352 2012 narratione,
2400 1938 2558 2014 quod

314 2027 626 2104 ‚antiquam
657 2027 975 2086 Britonum
1023 2028 1300 2087 ecclesiae
1343 2049 1474 2086 cum
1507 2027 1820 2088 Gallicana
1863 2028 2331 2088 familiaritatem
2378 2027 2559 2086 fuisse

319 2117 678 2194 comprobet.
725 2115 1236 2175 .Familiaritatem
1275 2117 1441 2176 illam
1469 2118 1651 2177 fuisse
1682 2117 2061 2177 nihilominus
2092 2123 2343 2176 constat.
2404 2117 2557 2176 Nam

317 2205 590 2263 nonnulli
619 2204 937 2264 Britonum
983 2205 1246 2283 episcopi
1277 2226 1432 2265 anno
1469 2207 1675 2265 3141]Ιῑιο
1708 2207 1954 2266 concilio
1986 2206 2331 2266 Arelatensi
2374 2205 2556 2264 inter·

314 2295 560 2353 fuerunt
621 2294 724 2369 (Η.
773 2294 892 2352 and
938 2293 1026 2353 St.
1072 2293 1123 2368 Ι,
1170 2315 1228 2371 p.
1279 2296 1335 2354 7.
1396 2297 1468 2353 cf.
1515 2295 1737 2372 Bright
1782 2317 1839 2373 p.
1890 2297 1927 2353 9
1975 2298 2147 2373 sqq.).
2242 2295 2446 2368 Quod,
2508 2294 2560 2353 si

317 2383 430 2441 hoc
461 2381 772 2442 concilium
805 2389 1040 2442 centum
1087 2383 1258 2442 annis
1305 2391 1444 2444 ante
1489 2384 1719 2458 fuisset,
1766 2385 2015 2461 alicujus
2059 2383 2343 2443 momenti
2389 2388 2557 2456 esset,

317 2474 402 2532 sic
447 2472 684 2534 nullius.
778 2471 1152 2548 Oonjecturis
1214 2493 1356 2549 ergo
1413 2474 1776 2549 relinquitur
1828 2475 2007 2533 locus.
2098 2475 2442 2532 Muenterus
2498 2478 2560 2531 et

313 2562 490 2620 multi
551 2564 678 2636 ejus
740 2563 1016 2639 aequales
1073 2567 1133 2620 et
1185 2561 1301 2640 ipsi
1357 2564 1482 2637 jam
1530 2562 1975 2622 Centuriatores
2020 2562 2559 2662 Magdeburgenses

315 2650 514 2726 (Ceut.
561 2650 648 2723 ΙΙ,
695 2670 744 2708 6.
793 2652 851 2723 2,
898 2650 998 2709 fol.
1049 2652 1114 2727 9)
1179 2650 1354 2709 fidem
1417 2650 1801 2710 christianam
1862 2672 1937 2709 ex
1998 2650 2149 2709 Asia
2208 2650 2435 2708 minore
2494 2649 2557 2707 in

317 2739 700 2799 Britanniam
759 2739 1003 2798 allatam
1063 2758 1188 2798 esse
1247 2740 1480 2818 opinati
1537 2746 1694 2808 sunt.
1800 2739 2005 2815 Quod,
2076 2740 2129 2798 si
2154 2739 2559 2833 comprobari

317 2834 538 2906 posset,
585 2848 703 2886 non
749 2828 1178 2905 neglegendum
1225 2835 1382 2889 esset
1411 2830 1472 2888 in
1507 2829 1903 2905 dijudicandis
1932 2810 2211 2889 ecclesiae
2238 2828 2557 2887 Britonum

317 2917 599 2976 moribus.
691 2915 810 2976 Sed
857 2918 1280 2994 quaerentibus
1323 2919 1527 2991 nobis,
1576 2919 1724 2996 quid
1768 2918 1907 2977 huic
1950 2918 2249 2977 Muenteri
2293 2917 2560 2995 opinioni

317 3006 675 3065 adminiculo
720 2993 918 3079 fuerit,
967 3007 1126 3083 apud
1169 3006 1364 3083 ipsum
1411 3007 1493 3065 nil
1542 3008 1802 3066 occurrit
1846 3007 1963 3065 nisi
2008 3006 2373 3084 computatio
2420 3006 2559 3065 festi

316 3094 630 3173 paschalis,
677 3114 796 3171 qua
824 3094 1104 3153 Britones
1133 3095 1474 3154 utebantur.
1564 3094 1657 3153 At
1685 3095 1965 3154 Britones
2006 3114 2381 3170 nequaquam
2427 3114 2557 3153 cum

317 3183 871 3257 quartodecimanis
932 3183 1322 3257 consensisse,
1380 3186 1505 3259 jam
1573 3184 1803 3262 pridem
1865 3182 1977 3243 viri
2024 3182 2187 3241 docti
2230 3182 2559 3241 docuerunt

316 3271 536 3348 (Varin
593 3278 764 3331 mem.
810 3272 896 3345 H,
957 3294 1014 3349 p.
1080 3272 1206 3329 295
1269 3292 1396 3350 sqq.
1443 3274 1518 3331 cf.
1563 3272 1804 3331 Ebrard
1862 3294 1920 3351 p.
1970 3271 2275 3348 19-78).
2366 3270 2556 3329 Immo

315 3381 446 3419 eam
477 3360 832 3439 opinionem,
881 3380 996 3437 qua
1041 3362 1233 3421 altera
1277 3362 1380 3419 illa
1409 3361 1705 3420 Muenteri
1734 3360 2057 3434 nitebatur,
2104 3361 2257 3419 hanc
2303 3360 2593 3447 sciliceta

315 3450 634 3509 Britonum
693 3450 996 3508 ecclesiam
1055 3449 1516 3528 primordiorum
1586 3452 1711 3526 jam
1779 3450 2144 3528 temporibus
2214 3450 2332 3509 alia
2390 3470 2558 3509 usam

317 3558 442 3597 esse
473 3538 914 3615 computatione
940 3538 1080 3598 festi
1108 3539 1402 3617 paschalis
1433 3560 1502 3598 ac
1531 3538 1881 3613 Romanam,
1928 3538 2396 3599 commenticiam
2430 3558 2556 3599 esse

314 3626 488 3686 facile
548 3628 918 3704 comprobari
983 3632 1200 3706 potest.
1289 3628 1705 3688 Vetustiorum
1766 3629 1921 3687 enim
1981 3629 2337 3706 scriptorum
2394 3628 2558 3689 testi-

315 3716 516 3775 monia
547 3714 842 3775 audienda
885 3717 1058 3775 nobis
1103 3722 1245 3775 sunt
1289 3718 1685 3795 posteriorum
1730 3717 1961 3776 ratione
2008 3738 2125 3776 non
2172 3718 2392 3776 habita.
2483 3718 2560 3775 In

319 3804 536 3881 quibus
584 3804 1016 3865 Constantinus
1059 3806 1388 3884 imperator
1431 3806 1576 3866 haec
1623 3806 1862 3885 scripsit
1921 3807 1985 3865 in
2047 3806 2303 3883 epistula
2347 3806 2424 3864 ad
2470 3826 2559 3864 ec-

312 3893 525 3953 clesias
569 3915 666 3972 ap.
722 3893 1050 3954 Eusebium
1095 3896 1204 3954 vit.
1253 3894 1545 3955 Constant
1590 3895 1713 3969 III,
1766 3897 1795 3953 1
1810 3897 1877 3953 9:
1938 3894 2155 3955 idcirco
2200 3893 2266 3954 id
2312 3914 2562 3977 aequum

311 3990 646 4063 rectumque
689 4001 808 4043 esse
853 4002 1048 4043 omnes
1080 3980 1572 4063 judicaverunt„
1652 3992 1801 4055 .,ut
1864 3984 2023 4064 quod
2066 3983 2127 4043 in
2173 3982 2314 4041 urbe
2360 3980 2561 4043 Roma

306 4090 532 4152 perque
572 4091 804 4133 omnem
849 4070 1092 4133 Italiam
1139 4116 1152 4130 .
1187 4117 1200 4131 .
1233 4067 1549 4143 ‚Galliaa
1594 4070 1995 4131 Britannias.
2075 4070 2395 4131 .concordi
2438 4091 2557 4131 sen-

319 4160 491 4219 tentia
553 4158 888 4221 observatur
947 4159 1014 4222 id
1070 4169 1258 4221 vestra
1317 4180 1538 4243 quoque
1591 4159 1917 4242 prudentia
1990 4157 2283 4221 libentibus
2347 4158 2561 4219 animis

319 4245 862 4328 amplectatur..
911 4259 1079 4333 atque
1138 4258 1203 4308 ut
1261 4247 1599 4309 summatim
1652 4270 1723 4309 ac
1768 4248 2007 4310 breviter
2050 4248 2279 4319 dicam,
2337 4246 2561 4333 placuit
