3167 4900
1205 269 1646 335 ..ω-Δ

306 452 576 530 exemplo
644 451 992 513 confirmare
1056 473 1380 532 possumus.
1471 456 1659 535 Apud
1723 455 2077 533 Gregorium
2140 458 2295 518 enim
2358 448 2545 518 Turo⁴

304 563 544 602 nensem
591 542 842 619 legimus
886 543 1242 602 Maeliavum
1291 545 1602 621 quendam,
1650 545 1977 619 Britonem,
2024 547 2271 606 fratrem
2314 547 2545 606 Chana-

304 633 434 690 onis
483 631 650 690 ducis
696 631 1062 705 Armoricae,
1127 628 1453 692 Veneticam
1496 632 1699 694 urbem
1748 634 1809 710 (i.
1852 655 1901 695 e.
1936 635 2205 713 Vannes)
2252 635 2548 716 effetiisse

303 719 491 800 ibique
535 729 900 780 tonsuratum
945 719 1278 804 episcopum
1323 741 1439 783 esse
1484 722 1841 794 ordinatum,
1888 733 2121 784 mortuo
2166 733 2360 784 autem
2393 722 2546 784 qua·

304 827 490 868 naone
522 810 598 884 (a.
631 810 687 867 d.
724 809 876 887 553)
925 810 1338 889 apostatam-se
1381 820 1433 872 et
1477 809 1740 870 demissis
1786 810 2015 892 caffl'llis
2058 833 2324 884 uxorem,
2370 833 2549 894 quam

302 906 437 976 post
491 896 821 958 clericatum
865 896 1193 980 reliquerat,
1221 907 1372 959 ‘cum
1413 920 1591 980 rayno
1630 899 1851 981 fratris
1902 899 2079 960 simul
2129 901 2412 982 accepisse
2462 937 2549 946 —-

305 985 409 1047 sed
463 985 540 1044 ab
593 985 874 1070 episcopis
921 1025 1006 1052 —-‚
1052 989 1241 1064 iisque
1294 991 1503 1066 procul
1560 989 1739 1048 dubio
1796 990 2145 1050 Britonibus
2198 1027 2273 1035 —
2324 1011 2547 1052 eoecom-

303 1074 666 1135 manicatum
711 1095 828 1136 esse
873 1078 953 1152 (h.
987 1098 1034 1138 e.
1066 1077 1178 1151 IV,
1213 1079 1271 1134 4.
1303 1079 1384 1136 Η.
1416 1079 1533 1136 and
1566 1077 1653 1137 St.
1686 1079 1771 1152 Π,
1812 1081 1863 1152 1,
1894 1101 1952 1157 p.
1989 1079 2114 1157 75).

485 1165 789 1225 Refutatis
845 1166 1057 1243 igitur,
1119 1187 1269 1242 quae
1325 1168 1400 1224 de
1455 1168 1828 1226 sacerdotum
1886 1169 2277 1240 matrimoniis
2333 1170 2407 1227 ab
2456 1191 2547 1228 ec-

305 1254 484 1312 clesia
532 1255 846 1312 Britonum
893 1256 1162 1332 probatis
1209 1275 1494 1334 persaepe
1540 1263 1682 1315 sunt
1727 1258 1884 1330 ficta,
1916 1259 2259 1334 peculiares
2308 1264 2369 1316 et
2412 1279 2547 1336 pro-

303 1343 466 1420 prios
540 1342 858 1401 Britonum
943 1365 1133 1404 mores
1201 1346 1313 1403 hoc
1379 1347 1508 1404 loco
1578 1366 1698 1404 non
1766 1343 2096 1406 invenimus
2164 1346 2279 1405 nisi
2346 1348 2548 1422 hosce:

305 1433 808 1509 computationem
877 1434 1182 1514 propriam
1253 1435 1389 1493 festi
1468 1435 1763 1513 paschalis
1844 1443 1903 1494 et
1979 1437 2341 1512 peculiarem
2418 1444 2549 1496 ton-

304 1541 477 1580 surae
525 1521 790 1579 formam.

486 1610 793 1668 Paschalis
840 1611 1029 1684 illius,
1091 1617 1160 1669 ut
1205 1611 1292 1670 ita
1339 1612 1560 1686 dicam,
1625 1613 1783 1682 inter
1828 1613 2129 1671 Romanas
2186 1620 2247 1672 et
2292 1613 2552 1673 Celticas

306 1699 586 1757 ecclesias
655 1700 1090 1760 controversiae
1169 1701 1466 1778 principia
1543 1701 1947 1761 astronomica
2010 1707 2071 1759 et
2139 1703 2551 1779 chronologica

305 1789 500 1846 denuo
535 1789 899 1866 perscrutari
932 1809 1126 1846 meum
1157 1809 1275 1846 non
1307 1791 1533 1866 putavi,
1583 1797 1675 1848 est
1722 1789 1876 1847 enim
1918 1809 2013 1848 res
2046 1791 2299 1848 maxime
2330 1783 2549 1849 odiosa.

307 1876 488 1934 Teste
551 1877 824 1936 Ebrardo
890 1881 972 1955 (p.
1025 1879 1310 1954 19—78)
1371 1878 1775 1938 controversia
1844 1899 1963 1936 non
2027 1884 2156 1936 erat
2218 1879 2291 1937 de
2356 1881 2550 1956 cyclis,

308 1966 526 2042 quibus
572 1967 710 2024 festi
757 1967 882 2024 dies
930 1966 1237 2044 paschales
1295 1972 1810 2044 computarentur,
1882 1967 1983 2026 sed
2045 1967 2241 2045 posita
2298 1975 2427 2027 erat
2488 1970 2551 2026 in

307 2075 382 2112 ea
427 2075 510 2126 re,
557 2060 774 2128 utrum,
823 2076 955 2113 cum
1001 2055 1179 2133 primi
1224 2063 1362 2132 post
1408 2057 1845 2135 aequinoctium
1893 2056 2207 2134 plenilunii
2252 2058 2375 2116 dies
2408 2059 2469 2134 (i.
2504 2078 2551 2114 e.

305 2143 518 2204 Nisani
566 2143 1034 2220 quartadecima)
1100 2145 1337 2204 caderet
1397 2147 1458 2202 in
1523 2146 1677 2204 diem
1740 2145 2125 2218 dominicam,
2193 2147 2399 2204 liceret
2444 2148 2553 2204 hac

307 2232 440 2311 ipsa
471 2233 644 2290 lunae
681 2233 1123 2310 quartadecima
1169 2235 1386 2292 festum
1435 2234 1885 2294 resurrectionis
1932 2234 2153 2293 domini
2201 2235 2356 2293 diem
2404 2237 2551 2294 cele-

305 2323 500 2393 brare,
549 2342 747 2388 necne.
841 2321 1099 2380 Romani
1160 2323 1314 2380 enim
1375 2323 1480 2380 illa
1541 2329 1738 2382 aetate
1800 2325 2019 2382 festum
2074 2324 2348 2401 paschale
2392 2325 2554 2382 intra

311 2411 519 2468 16¹³⁸¹¹²
551 2417 612 2469 et
647 2411 854 2467 22m⁸m
899 2412 1075 2470 lunae
1123 2411 1279 2471 diem
1329 2413 1711 2472 celebrabant
1756 2413 1793 2471 i.
1826 2432 1875 2470 e.
1909 2413 2081 2471 lunae
2112 2419 2279 2472 sexta
2309 2412 2553 2486 decima,

307 2520 440 2557 cum
487 2499 875 2577 plenilunium
925 2502 1125 2575 (lunae
1179 2502 1361 2577 14ma)
1410 2501 1704 2560 inciderat
1748 2501 1810 2558 in
1860 2501 2015 2559 diem
2064 2502 2331 2574 Veneris,
2377 2504 2553 2560 lunae

314 2590 390 2645 17
396 2594 472 2623 Μ
519 2609 650 2646 cum
697 2588 758 2645 in
802 2588 847 2648 J
849 2589 974 2647 ovis
1021 2589 1175 2646 diem
1225 2596 1366 2662 etc.;
1413 2590 1543 2668 ipsa
1592 2594 1788 2647 autem
1836 2591 2010 2647 lunae
2054 2588 2213 2646 14¹¹²⁸
2252 2591 2551 2649 celebran-

309 2676 448 2733 dum
497 2698 614 2734 non
662 2698 786 2736 esse
835 2679 1153 2736 censebant
1197 2684 1274 2750 et,
1333 2679 1474 2754 quia
1530 2678 1873 2755 ambiguum
1932 2697 2108 2756 saepe
2156 2686 2307 2738 esset
2365 2680 2553 2757 pleni-

303 2765 454 2823 lunii
502 2771 750 2844 tempus,
797 2788 872 2824 ne
924 2765 1083 2825 15¹1*
1132 2766 1384 2842 quidem.
1477 2767 1758 2827 Britones
1805 2774 2002 2825 autem
2048 2770 2135 2843 (et
2180 2766 2399 2845 Scoti),
2467 2774 2552 2827 et·

305 2854 477 2913 iamsi
511 2854 729 2912 Judaei
772 2856 976 2913 eadem
1023 2856 1198 2913 lunae
1252 2856 1410 2913 14¹¹tm
1454 2856 1675 2935 pascha
1722 2876 1889 2915 suum
1924 2856 2305 2929 celebrarent,
2352 2864 2553 2915 tamen

303 2944 458 3001 hanc
511 2942 689 3016 diem,
755 2964 884 3001 cum
931 2944 1219 3002 incideret
1262 2946 1326 3001 in
1373 2945 1527 3003 diem
1576 2945 1959 3017 dominicam,
2007 2942 2386 3019 reJ'ioiendam
2434 2964 2553 3002 non

302 3052 430 3090 esse
477 3031 943 3090 arbitrabantur.
982 3067 987 3071 ·

487 3121 620 3193 Qua
667 3119 728 3177 in
777 3122 1179 3180 controversia
1225 3121 1442 3179 nullius
1489 3120 1773 3179 momenti
1818 3120 1995 3179 fuisse
2034 3119 2345 3178 Ebrardus
2392 3121 2550 3179 affir-

300 3218 459 3281 mat,
533 3210 692 3285 quod
737 3208 1020 3268 Britones
1081 3210 1277 3268 lunari
1338 3209 1643 3285 octoginta
1705 3214 1963 3285 quatuor
2024 3228 2311 3267 annorum
2370 3212 2553 3285 cyclo,

299 3297 563 3355 Romani
625 3300 785 3373 cyclo
832 3298 1088 3357 Victorii
1150 3298 1523 3375 undeviginti
1583 3317 1895 3371 annorum,
1968 3318 2140 3375 quem
2204 3318 2357 3357 anno
2422 3298 2549 3355 465

301 3378 682 3463 receperant,
729 3389 1078 3460 utebantur,
1141 3394 1206 3445 ut
1255 3392 1699 3465 computarent,
1764 3406 1940 3464 quam
1986 3388 2047 3445 in
2094 3388 2248 3445 diem
2296 3388 2553 3465 primum

301 3475 455 3533 illud
501 3476 661 3535 veris
707 3475 1101 3555 plenilunium
1151 3477 1385 3553 (Nisani
1439 3476 1621 3553 14m2)
1676 3476 1982 3536 incideret.
2077 3478 2243 3550 Quae
2291 3476 2554 3535 Ebrardi

301 3564 603 3623 sententia
636 3564 794 3622 haud
827 3565 944 3623 scio
977 3586 1172 3623 annon
1205 3568 1428 3641 majore
1460 3565 1575 3622 fide
1624 3565 1806 3642 digna
1854 3565 1932 3625 sit
1978 3585 2155 3641 quam
2201 3564 2352 3623 aliae
2400 3569 2551 3641 eJ’us-

301 3653 454 3711 dem.
546 3653 688 3711 Jam
749 3652 1113 3711 Cumeanum
1177 3655 1356 3730 (anno
1407 3654 1551 3726 634,
1611 3655 1681 3711 cf.
1728 3654 1909 3731 iufra)
1972 3662 2033 3712 et
2092 3654 2320 3713 Bedam
2384 3655 2555 3713 aliter

299 3742 554 3800 sensisse
613 3743 738 3819 ip'se
787 3742 1097 3801 Ebrardus
1151 3742 1495 3815 confitetur,
1565 3761 1757 3818 neque
1819 3743 2154 3801 dubitarem
2215 3749 2428 3819 putare
2489 3744 2552 3799 in

299 3833 416 3888 hac
461 3837 586 3889 tam
635 3830 864 3889 difficili
911 3852 1086 3890 causa
1131 3839 1362 3890 veteres
1409 3832 1541 3890 illos
1590 3832 1905 3905 erravisse,
1969 3832 2015 3890 si
2074 3850 2257 3889 unum
2304 3832 2552 3889 haberet

300 3919 615 3978 Ebrardus
647 3922 978 3979 sententiae
1011 3920 1249 3979 socium.
1328 3918 1446 3978 Sed
1486 3921 1611 3997 ipse
1644 3920 1991 3992 Haddanus,
2040 3920 2131 3978 vir
2162 3918 2551 3991 doctissimuS,

300 4017 372 4067 ut
421 4016 650 4068 taceam
696 4008 769 4067 de
816 4009 1049 4068 Idelero
1096 4015 1156 4067 et
1203 4009 1359 4067 aliis:
1422 4006 1506 4067 all
1548 4006 1716 4078 these,
1764 4008 1963 4083 inquit
2009 4009 2112 4081 (H.
2162 4006 2279 4065 and
2328 4006 2417 4065 St.
2464 4008 2550 4081 II,

310 4099 364 4171 1,
412 4118 468 4175 p.
515 4097 598 4154 78
648 4102 767 4155 not.
814 4119 872 4175 p.
931 4100 1010 4156 77
1062 4120 1096 4155 a
1143 4100 1332 4174 perg.)
1380 4094 1597 4155 Easte‘r·
1656 4094 1912 4175 disputes
1971 4114 2139 4156 arose
2191 4092 2409 4175 merely
2455 4104 2552 4155 out

303 4184 381 4266 of
416 4204 454 4243 a
497 4182 799 4265 confision
841 4185 1158 4265 respectz'ny
1205 4182 1400 4264 cycles.
1492 4184 1567 4242 Id
1614 4205 1752 4243 vero
1800 4192 2025 4244 certum
2073 4191 2187 4257 est,
2244 4186 2403 4260 quod
2448 4186 2551 4244 ille

299 4294 432 4332 mos
477 4274 816 4331 celebrandi
863 4275 997 4333 festi
1059 4274 1354 4353 paschalis
1414 4274 1572 4331 intra
1617 4274 1791 4332 lunae
1844 4274 2047 4331 14m⁸m
2088 4282 2148 4333 et
2191 4274 2399 4330 20ῙΕΙῐιιιιῑΙῐι
2448 4280 2553 4333 aut

300 4364 465 4421 intra
532 4365 736 4419 16¹¹¹⁸m
794 4369 854 4421 et
911 4365 1118 4419 22¹¹¹⁸¹¹²
1164 4364 1239 4421 ab
1303 4363 1430 4440 ipsa
1490 4362 1800 4438 plenilunii
1863 4362 2304 4441 computatione
2365 4363 2551 4423 haud·

2157 4463 2231 4518 2*
