3167 4900
1509 243 1938 301 —46—

607 425 998 502 colligendum
1059 423 1165 496 sit,
1199 417 1576 482 'Columbam
1634 424 1758 496 ‚jam
1820 423 2054 482 novisse
2108 422 2437 480 Hiberniae
2498 423 2855 502 apostolum,

603 515 849 572 maximi
902 513 1185 572 momenti
1243 518 1358 586 est,
1422 511 1581 588 quod
1638 510 1795 568 idem
1842 510 2129 569 Columba
2188 511 2494 590 episcopos
2549 512 2856 570 Romanos

547 674 556 684 ‘
601 603 1008 661 Hibernorum
1075 602 1392 678 magistros
1459 600 1787 678 appellavit
1848 602 1965 677 (ep.
2011 599 2105 658 IV
2150 601 2242 658 ad.
2291 600 2441 658 Bon.
2501 621 2639 678 pap.
2670 600 2855 674 Bibl.

605 703 780 750 max:
803 699 958 769 patr.
1005 690 1158 762 XII,
1207 712 1264 767 p.
1314 691 1394 747 25
1445 688 1545 766 G).

780 780 998 857 Itaque
1072 780 1229 856 quod
1301 785 1496 838 exstat
1565 777 1824 836 omnium
1894 777 1969 836 de
2039 778 2305 836 Patricio
2373 778 2854 837 testimoniorum

602 870 1076 945 antiquissimum
1121 869 1342 946 optime
1399 868 1657 945 quadrat
1708 867 1781 924 iis
1794 909 1809 939 ,
1859 887 2011 943 quae
2056 866 2421 925 Tirechanus
2468 867 2541 925 de
2597 867 2858 925 Patricii

601 959 919 1017 itineribus
963 956 1246 1035 prodidit.

779 1047 894 1104 His
943 1045 1228 1122 expositis
1267 1048 1393 1119 jam
1439 1051 1676 1122 tempus
1724 1050 1839 1117 est,
1898 1051 1967 1103 ut
2011 1045 2455 1122 perscrutandis
2500 1045 2688 1122 ipsius
2736 1043 2853 1102 Pa-

601 1135 788 1208 tricii,
856 1155 1008 1211 quae
1053 1137 1350 1205 feruntur,
1413 1133 1652 1210 scriptis
1708 1152 1948 1210 operam
2007 1134 2225 1192 demus.
2319 1132 2505 1192 Absit
2548 1155 2717 1206 vem,
2782 1141 2856 1192 ut

602 1225 816 1301 loquar
875 1223 949 1281 de
1009 1224 1280 1282 omnibus
1341 1221 1593 1280 Patricii
1654 1223 1951 1299 opusculis
2014 1243 2049 1280 a
2094 1223 2351 1281 Waraeo
2418 1225 2597 1298 (anno
2652 1223 2854 1298 1656)

601 1313 802 1385 editis,
872 1333 1008 1371 nam
1076 1313 1189 1371 etsi
1248 1311 1532 1369 nonnulla
1594 1331 1794 1369 eorum
1843 1314 1969 1385 jam
2026 1312 2091 1369 in
2135 1312 2458 1370 canonibus
2504 1311 2855 1370 Hibernicis

598 1401 863 1460 Patricio
911 1401 1205 1459 attributa
1251 1405 1389 1458 sunt
1435 1399 1668 1474 (XXV,
1720 1401 1757 1457 3
1791 1400 2312 1458 Wasserschleben
2363 1400 2445 1458 Ir.
2477 1399 2623 1458 Can.
2670 1422 2729 1477 p.
2767 1401 2845 1457 91

602 1497 663 1549 et
708 1489 961 1562 XXIX,
1012 1491 1046 1546 7
1097 1511 1152 1566 p.
1193 1490 1360 1564 119),
1408 1494 1607 1546 tamen
1654 1489 1811 1546 inter
1857 1509 2057 1547 omnes
2105 1493 2337 1547 constat
2379 1489 2636 1567 plurima
2684 1491 2849 1547 adul·

600 1580 794 1643 terina
843 1599 970 1637 esse
1017 1579 1114 1654 (cf.
1161 1578 1242 1635 H.
1291 1576 1408 1635 and
1455 1575 1542 1635 St.
1590 1576 1679 1649 ΙΙ,
1715 1578 1771 1649 2,
1818 1599 1877 1654 Ρ.
1912 1579 2082 1653 327).
2177 1578 2391 1654 Itaque
2440 1599 2558 1636 non
2606 1577 2721 1635 nisi
2777 1580 2854 1636 de

601 1670 676 1726 iis
721 1668 1032 1726 dicendum
1081 1673 1196 1739 est,
1270 1687 1421 1742 quae
1478 1666 1738 1741 genuina
1793 1665 2046 1724 Patricii
2104 1667 2327 1744 scripta
2372 1665 2671 1725 habentur
2718 1687 2855 1724 cum

595 1759 676 1815 'ab
723 1757 854 1815 aliis
900 1763 1028 1815 tum
1075 1777 1111 1814 a
1157 1756 1301 1815 viris
1348 1755 1704 1813 doctissimis
1736 1755 1815 1812 H.
1850 1756 1968 1813 and
2000 1755 2086 1814 St.
2181 1755 2256 1812 In
2306 1776 2556 1832 quorum
2604 1776 2855 1815 numero

601 1867 732 1904 cum
791 1845 1119 1906 invenirem
1165 1843 1416 1903 Patricii
1473 1845 1770 1902 canticum
1818 1843 2141 1903 Scotticum
2199 1844 2303 1919 (H.
2352 1845 2469 1902 and
2517 1844 2606 1904 St.
2654 1845 2741 1918 ΙΙ,
2794 1847 2853 1918 2,

599 1956 656 2012 p.
693 1932 819 1992 320
854 1938 1030 2011 sqq),
1078 1934 1251 1992 valde
1297 1932 1548 1991 miratus
1595 1953 1741 1991 sum.
1800 1933 1955 1993 Nam
2000 1953 2193 2009 neque
2241 1933 2561 2010 quicquam
2609 1935 2669 1990 in
2719 1933 2853 2010 ipso

600 2023 856 2083 carmine
888 2023 1218 2083 Patricium
1249 2027 1551 2081 auctorem
1581 2023 1763 2080 fuisse
1795 2021 2019 2080 indicat
2051 2042 2243 2098 neque
2274 2023 2593 2081 verborum
2622 2024 2854 2082 formae

601 2112 851 2170 Patricii
897 2113 1266 2189 temporibus
1315 2113 1615 2186 quadrant
1661 2112 1758 2186 (cf.
1789 2111 2117 2168 Windisch.
2165 2110 2389 2169 Irische
2440 2111 2631 2170 Texte
2677 2135 2735 2190 p.
2784 2115 2853 2188 3)

599 2221 792 2276 neque
852 2202 1036 2273 latet,
1107 2220 1285 2277 quam
1347 2200 1470 2258 vim
1529 2199 1791 2258 habeant
1854 2200 2091 2257 omnino
2149 2219 2553 2276 quaecumque
2601 2200 2664 2258 in
2710 2201 2853 2260 libri

599 2290 973 2365 Hymnorum
1031 2289 1502 2366 praefationibus
1563 2289 1636 2345 de
1698 2288 2063 2364 singulorum
2127 2281 2450 2347 carminum
2508 2291 2854 2350 auctoribus

599 2379 999 2438 inveniuntur.
1092 2379 1322 2452 Quibus
1380 2377 1453 2435 de
1509 2377 1701 2436 causis
1758 2377 2054 2436 canticum
2116 2377 2292 2451 illud,
2364 2381 2529 2454 cujus
2594 2378 2850 2457 primam

601 2470 956 2527 mentionem
1014 2469 1280 2526 fecerunt
1333 2468 1743 2527 additamenta
1790 2467 2109 2527 Tirechani
2156 2467 2283 2543 (lib.
2331 2466 2542 2525 Ardm.
2592 2468 2851 2527 Betham

601 2557 695 2630 II,
744 2578 880 2635 app.
943 2578 998 2635 p.
1045 2556 1393 2631 XXXVI),
1464 2578 1500 2615 a
1545 2556 1810 2616 Patricio
1870 2559 2095 2615 factum
2156 2576 2274 2614 non
2332 2577 2456 2615 esse
2515 2577 2627 2634 pro
2687 2565 2850 2615 certo

599 2646 932 2704 habendum
991 2652 1096 2705 est.
1191 2645 1526 2703 Genuinum
1586 2646 1637 2703 si
1694 2651 1848 2703 esset
1902 2645 2153 2703 Patricii
2208 2666 2355 2721 opus
2366 2690 2379 2717 ,
2441 2643 2518 2703 ad
2578 2652 2850 2703 nostram

603 2736 1004 2809 quaestionem
1038 2735 1264 2791 nullum
1297 2734 1506 2791 afferet
1535 2740 1913 2794 momentum.
1976 2734 2151 2792 Licet
2190 2734 2375 2810 igitur
2405 2734 2478 2791 de
2520 2754 2588 2792 eo
2630 2741 2850 2792 tacere.

777 2823 1017 2881 Mallem
1062 2829 1260 2881 tacere
1307 2821 1487 2880 etiam
1534 2822 1609 2879 de
1655 2824 2019 2881 confessione
2059 2823 2309 2881 Patricii
2356 2829 2417 2881 et
2462 2823 2537 2880 de
2583 2824 2852 2898 ejusdem

601 2912 857 2989 epistula
903 2911 986 2970 ad
1031 2906 1372 2971 clm‘stianos
1407 2906 1661 2969 Corotici
1698 2910 1939 2989 tyranni
1966 2909 2221 2970 subditos
2254 2910 2359 2987 (H.
2391 2911 2508 2969 and
2541 2909 2631 2969 St.
2664 2910 2753 2984 II,
2791 2914 2850 2984 2,

599 3022 657 3078 p.
711 3003 834 3058 296
885 3022 1013 3078 sqq.
1073 3007 1136 3061 et
1194 3000 1321 3057 314
1379 3002 1559 3076 sqq),
1634 3020 1785 3077 quae
1845 3000 2103 3077 genuina
2160 2999 2416 3057 Patricii
2478 3021 2659 3077 opera
2720 3020 2850 3060 esse

605 3110 806 3149 omnes
836 3092 986 3167 ,fere
1049 3089 1442 3149 consentiunt.
1533 3089 1688 3148 Nam
1751 3110 1903 3165 quae
1964 3090 2035 3147 de
2094 3089 2187 3146 his
2248 3088 2487 3165 scriptis
2551 3090 2853 3149 exsistunt

603 3180 1003 3255 quaestiones,
1061 3179 1300 3236 omnino
1344 3178 1409 3235 in
1453 3178 1755 3255 praesenti
1801 3178 1950 3237 solvi
1998 3197 2113 3235 non
2159 3196 2329 3255 posse
2376 3178 2681 3251 videntur,
2745 3200 2849 3236 ne-

601 3269 740 3325 dum
785 3289 820 3325 a
865 3287 974 3324 me.
1067 3267 1523 3326 Vetustissimus
1580 3268 1737 3324 enim
1795 3268 1963 3343 isque
2020 3267 2193 3325 valde
2246 3266 2559 3325 mendosus
2619 3270 2848 3325 confes-

601 3357 781 3414 sionis
827 3355 1011 3413 codex
1059 3362 1253 3414 exstat
1299 3356 1386 3411 in·
1408 3355 1560 3413 libro
1610 3355 2056 3426 ArdmachanO,
2126 3355 2381 3431 epistula
2441 3355 2700 3431 primum
2758 3358 2849 3413 in·

601 3444 840 3503 venitur
883 3444 945 3501 in
995 3445 1193 3503 codice
1241 3444 1496 3519 quodam
1542 3445 1692 3504 Mus.
1740 3444 1896 3501 Brit.
1938 3443 2177 3503 Cotton.
2224 3444 2385 3503 Nero
2430 3443 2484 3502 E
2524 3446 2555 3502 1
2609 3451 2669 3503 et
2714 3446 2850 3523 ipso

603 3533 1024 3590 confessionem
1083 3551 1316 3608 quoque
1373 3533 1719 3591 continenti.
1828 3532 2137 3591 Trecentis
2197 3532 2381 3607 igitur
2438 3540 2499 3591 et
2556 3534 2850 3611 quinqua·

601 3621 768 3696 ginta
815 3620 984 3679 annis
1030 3626 1167 3697 post
1212 3620 1462 3679 Patricii
1509 3628 1757 3679 mortem
1802 3621 2240 3680 vetustissimus
2298 3621 2399 3697 qui
2456 3628 2653 3680 exstat
2712 3644 2851 3682 con-

599 3709 869 3767 fessionis
911 3709 1095 3769 codex
1143 3715 1233 3767 est
1278 3709 1664 3787 conscriptus.
1724 3710 1932 3785 Neque
1978 3709 2154 3767 ullius
2200 3710 2482 3769 momenti
2531 3717 2638 3783 est,
2689 3714 2852 3788 quod

601 3816 636 3855 a
681 3794 983 3875 volumine,
1034 3796 1192 3879 quod
1235 3795 1530 3857 Patricius
1574 3818 1757 3855 manu
1801 3796 2139 3877 consm'psit
2184 3817 2291 3856 sua
2338 3798 2674 3875 descriptus
2722 3822 2851 3859 esse

599 3887 860 3945 traditur
905 3887 1030 3963 (lib.
1078 3886 1290 3946 Ardm.
1338 3887 1594 3945 Betham
1636 3886 1705 3943 II
1752 3908 1887 3963 app.
1933 3908 1990 3963 p.
2022 3888 2189 3963 LV);
2238 3908 2375 3945 nam
2422 3889 2555 3963 quis
2601 3888 2851 3947 librario

601 3977 842 4035 credat?
913 3976 1127 4054 Itaque
1174 3976 1540 4035 cum2codex
1586 3975 1725 4034 libri
1772 3976 2181 4033 Ardmachani
2228 3977 2455 4035 mendis
2512 3983 2743 4036 scateat
2791 3986 2853 4036 et

600 4066 828 4125 lacunis
857 4086 1033 4145 saepe
1065 4065 1426 4124 deformatus
1458 4066 1554 4138 sit,
1605 4070 1665 4123 et
1710 4085 1841 4122 cum
1888 4065 2233 4141 posterioris
2280 4066 2569 4141 temporis
2617 4067 2852 4125 codices

601 4154 1036 4227 additamentis,
1081 4160 1150 4212 ut
1195 4154 1460 4213 nonnulli
1506 4159 1743 4231 putant,
1790 4154 2126 4231 saepissime
2173 4153 2332 4210 aucti
2382 4154 2503 4213 sint
2534 4190 2638 4228 -,
2694 4176 2853 4233 quae

599 4245 822 4303 fuerint
867 4242 1252 4311 confessionis
1283 4244 1468 4302 verba
1499 4242 1825 4319 disceptari
1855 4262 1973 4300 non
2005 4247 2229 4318 potest-13
2278 4262 2471 4319 neque
2503 4245 2851 4319 defuerunt,

602 4334 724 4408 qui*
765 4332 924 4390 aliud
981 4354 1016 4393 a
1068 4331 1330 4391 librariis
1386 4331 1655 4390 additum
1712 4331 1869 4389 aliud
1930 4330 2207 4387 omissum
2270 4352 2397 4389 esse
2460 4354 2532 4390 ex
2598 4334 2853 4395 libidine
