3167 4900
1525 241 1960 300 -10--

617 415 912 476 communi
953 415 1216 477 omnium
1256 415 1483 500 judicio
1497 465 1515 490 ,
1579 427 1643 478 ut
1688 417 2080 480 sanctissime
2114 417 2375 500 paschae
2402 418 2697 502 festivitas
2738 441 2856 481 uno

616 505 924 588 eodemque
967 506 1062 567 dic
1107 505 1502 568 celebrer-atur.

550 671 556 676 ,
793 595 1106 657 Accedunt
1151 594 1375 655 Hilarii
1419 596 1791 657 Pictavensis
1837 597 2023 657 verba
2066 597 2309 657 haecce:
2378 595 2761 659 distetis-simis
2805 609 2858 660 et

615 681 954 744 beatissimis
997 683 1295 766 fratribus
1339 694 1392 746 et
1436 685 1785 768 coepiscopis
1836 684 2177 767 pro-trinciae
2222 681 2577 748 Germaniae
2625 685 2857 767 primae

618 815 630 829 .
664 817 677 830 .
711 817 725 832 .
775 781 826 832 et
860 772 1308 852 provinciarum
1352 771 1814 834 Britanniae-um
1858 772 2143 854 epi-seque
2188 771 2485 836 Hilarius.
2534 811 2617 822 -—
2651 819 2855 836 .....

611 859 940 940 qratulatus
985 883 1118 921 sum
1165 907 1178 920 .
1210 907 1227 920 .
1260 907 1273 921 .
1318 883 1419 924 vos
1463 873 1516 923 et
1555 859 1787 924 illaesos
1832 862 1909 922 ab
1952 862 2115 924 omni
2170 862 2432 944 contayio
2492 863 2859 926 detestandae

613 946 910 1010 haerescos
941 950 1264 1030 perstitisse
1307 953 1406 1027 ((16
1453 953 1692 1029 synodis
1708 997 1723 1026 ‚
1770 952 2104 1028 Prolegom.
2152 959 2231 1012 et.
2276 955 2313 1031 ξ
2360 955 2418 1011 2.
2466 974 2560 1032 op.
2608 955 2697 1012 ed.
2744 955 2856 1014 Be-

613 1039 746 1100 ned.
792 1039 842 1096 Ι.
888 1061 948 1118 p.
1001 1041 1168 1098 1149
1218 1049 1280 1100 et
1330 1042 1528 1118 1151)
1590 1049 1653 1101 et
1709 1040 2031 1100 Athanasii
2091 1041 2167 1099 ad
2219 1041 2461 1101 Jovian.
2515 1043 2656 1121 imp.
2705 1045 2854 1120 (syn.

613 1149 702 1206 ep.
759 1148 874 1187 ecc.
929 1128 1105 1188 Alex.
1163 1151 1216 1188 a.
1271 1129 1424 1189 dom.
1483 1132 1610 1190 303
1668 1151 1761 1208 οΡ.
1818 1131 1907 1188 6(1.
1961 1131 2150 1190 Paris.
2198 1129 2249 1202 Ι,
2304 1151 2363 1208 Ρ.
2412 1131 2567 1204 781)
2613 1131 2856 1192 haecce:

613 1263 627 1278 .
664 1263 678 1278 .
711 1261 726 1275 .
773 1213 924 1276 hanc
947 1217 1140 1300 fidem
1187 1228 1392 1300 patres
1435 1219 1538 1301 qui
1581 1215 1844 1278 Nicaeae
1898 1227 2277 1278 convenerunt
2334 1219 2619 1301 confessos
2664 1219 2858 1300 flasse

613 1325 848 1386 eamque
891 1305 1174 1388 suffraqio
1220 1327 1324 1367 suo
1369 1305 1749 1388 comprobare
1792 1306 2089 1367 universas
2132 1307 2304 1368 totius
2365 1306 2521 1368 orbis
2573 1306 2853 1382 ecclesias,

561 1420 564 1422 ’
610 1413 818 1474 nempe
849 1391 1198 1476 Hispaniae,
1245 1393 1621 1468 Britanniae,
1659 1391 1894 1457 Galliae
1924 1405 1977 1456 et
2008 1440 2021 1453 .
2055 1441 2068 1454 .
2103 1439 2117 1454 .
2180 1398 2413 1471 Quibus
2457 1405 2697 1476 patrum
2728 1398 2855 1458 illo·

612 1504 742 1542 rum
789 1485 1268 1558 orthodoxorum,
1314 1492 1526 1564 utpote
1573 1486 1677 1564 qui
1722 1506 1921 1544 rerum
1963 1484 2444 1545 Britannicarum
2494 1505 2613 1545 non
2659 1488 2855 1564 ignari

610 1572 856 1646 fuerint,
913 1575 1112 1632 verbis
1158 1575 1473 1634 maximam
1519 1576 1696 1634 fidem
1744 1573 2181 1651 adjungendam
2230 1595 2355 1634 esse
2400 1575 2538 1633 inde
2584 1582 2853 1655 apparet,

611 1661 770 1737 quod
815 1668 970 1722 teste
1015 1663 1147 1740 ipso
1193 1663 1528 1723 Athanasio
1576 1684 1731 1722 anno
1768 1665 1892 1723 347
1930 1663 2177 1722 concilio
2219 1662 2557 1722 sardicensi
2602 1665 2706 1741 (H.
2738 1666 2857 1724 and

611 1749 701 1812 St.
751 1751 802 1808 I.
848 1773 906 1828 p.
956 1752 1021 1827 8)
1071 1759 1131 1811 et
1175 1758 1328 1812 teste
1375 1752 1642 1831 Sulpicio
1690 1752 1909 1812 Severo
1957 1773 2113 1812 anno
2162 1753 2289 1811 359
2336 1753 2582 1812 concilio
2629 1751 2854 1813 Arimi·

610 1840 780 1898 nensi
825 1841 930 1916 (H.
963 1841 1080 1899 and
1113 1841 1200 1901 St.
1233 1841 1286 1914 Ι,
1318 1863 1375 1920 Ρ.
1413 1845 1476 1920 9)
1523 1842 1797 1901 nonnulli
1841 1841 2157 1900 Britonum
2206 1842 2470 1919 episcopi
2516 1842 2853 1902 adfuerunt.

609 1927 773 2005 Ergo
804 1930 1174 2007 temporibus
1205 1929 1526 1990 Athanasii
1573 1931 1816 1990 ecclesia
1863 1929 2179 1988 Britonum
2226 1952 2262 1988 a
2310 1931 2715 1990 communione
2762 1951 2852 1990 ec-

610 2018 818 2076 clesiae
865 2019 1188 2078 catholicae
1235 2040 1425 2096 neque
1470 2019 1586 2079 fide
1633 2039 1823 2097 neque
1870 2019 2131 2078 moribus
2176 2019 2583 2080 dissentiebat.
2644 2019 2855 2080 Gildas

609 2107 797 2183 igitur
844 2107 1005 2181 (hist.
1039 2109 1074 2186 ξ
1112 2109 1211 2166 12.
1257 2131 1314 2186 p.
1354 2111 1478 2185 19),
1529 2129 1703 2187 quem
1750 2108 1919 2167 Beda
1964 2107 2236 2186 sequitur
2281 2108 2363 2184 (h.
2396 2130 2443 2167 e.
2484 2111 2539 2180 1,
2575 2110 2614 2166 8
2656 2111 2691 2187 ξ
2725 2111 2852 2185 22),

610 2216 743 2254 cum
773 2195 920 2254 dicit
949 2195 1242 2256 Arianam
1287 2197 1595 2275 perfidiam
1643 2197 2036 2256 transmarina
2080 2202 2417 2257 vomentem
2462 2218 2691 2256 venena
2734 2199 2851 2256 fm-

608 2291 730 2344 tres
776 2285 981 2344 fecisse
1029 2288 1278 2362 sejungi,
1325 2287 1563 2346 videtur
1602 2307 1727 2345 rem
1759 2285 1959 2345 verbis
1989 2285 2222 2344 auxisse
2255 2287 2352 2361 (cf.
2383 2286 2605 2363 Bright
2633 2307 2691 2364 p.
2731 2288 2853 2364 12).

785 2373 1042 2453 Pelagiii
1087 2381 1286 2434 autem
1333 2375 1639 2435 doctrinae
1689 2376 1793 2454 qui
1836 2377 2125 2449 faverent,
2173 2375 2375 2453 paullo
2422 2381 2561 2454 post
2600 2375 2662 2434 in
2716 2375 2851 2434 Bri-

609 2464 814 2522 tannia
858 2464 1038 2524 fuisse
1085 2466 1413 2543 permultos
1459 2466 1879 2544 suspicandum
1928 2470 2019 2524 est
2063 2485 2183 2523 non
2227 2470 2351 2523 tam
2400 2465 2541 2541 quia
2570 2465 2854 2542 Pelagius

606 2553 846 2612 natione
891 2559 1023 2613 erat
1066 2554 1240 2613 Brito
1271 2590 1360 2599 —-
1392 2575 1527 2613 nam
1575 2576 1695 2614 non
1740 2556 1802 2613 in
1849 2553 2049 2631 patria
2094 2575 2199 2613 sua
2229 2553 2541 2630 Pelagium
2584 2554 2855 2614 docuisse

609 2648 842 2701 constat
889 2678 972 2686 ——-
1022 2664 1198 2719 quam
1245 2665 1319 2701 ex
1365 2643 1651 2722 Prosperi
1696 2644 1769 2702 de
1816 2642 1993 2702 misso
2042 2642 2341 2701 Germano
2402 2643 2631 2715 verbis,
2700 2664 2855 2719 quae

608 2730 972 2808 Agricolam,
1019 2730 1423 2809 Pelagianum,
1471 2732 1795 2804 Severiani‚
1846 2731 2110 2809 episcopi
2153 2731 2481 2807 Pelagiani,
2528 2732 2717 2790 filium
2764 2752 2853 2791 eo·

613 2820 818 2879 clesias
847 2818 1201 2878 Britanniae
1247 2821 1542 2895 dogmatis
1590 2822 1682 2879 sui
1727 2820 2127 2879 insinuatione
2176 2820 2507 2898 corrupisse
2551 2827 2857 2881 testantur

609 2909 833 2983 (chron.
866 2930 918 2967 a.
951 2908 1105 2966 dom.
1155 2909 1281 2967 429
1331 2929 1424 2987 op.
1458 2908 1510 2983 Ι,
1546 2910 1695 2967 401.
1742 2908 1946 2967 Scholl
1976 2930 2035 2986 p.
2072 2910 2183 2985 26)
2230 2908 2485 2985 denique
2532 2930 2605 2969 ex
2649 2910 2854 2969 libello

607 3000 730 3070 1110,
766 3018 938 3076 (1116111
969 2997 1178 3057 iisdem
1209 3000 1333 3057 fere
1363 2999 1733 3075 temporibus
1764 2997 2085 3070 Fastidius‚
2117 2998 2359 3057 natione
2389 2997 2562 3057 Brito
2594 3004 2857 3059 testante

609 3087 938 3159 Gennadio,
986 3087 1350 3164 Pelagianus
1396 3094 1550 3147 teste
1594 3088 1726 3166 ipso
1773 3087 1992 3159 libelle,
2040 3087 2114 3145 de
2160 3087 2285 3147 vita
2332 3087 2654 3148 christiana
2698 3108 2853 3146 com-

608 3176 807 3254 posuit
854 3177 1078 3253 (Migne
1125 3176 1294 3236 Patr.
1342 3178 1444 3236 lat.
1496 3177 1597 3249 50,
1649 3178 1685 3234 2
1735 3199 1792 3255 p.
1844 3176 1969 3235 383
2018 3196 2147 3254 sqq.
2210 3177 2282 3235 cf.
2329 3176 2743 3253 Wagenmann
2791 3178 2855 3235 in

607 3264 1034 3343 Herzog-Plitt
1062 3264 1140 3326 R.
1173 3266 1245 3323 E.
1277 3265 1416 3325 Art.
1448 3265 1796 3342 Fastidius).
1873 3264 2050 3323 Hanc
2094 3264 2327 3341 Pelagii
2371 3265 2662 3324 haeresim
2704 3264 2853 3323 Ger—

606 3374 816 3412 manus
876 3353 1106 3413 duobus
1166 3354 1481 3413 itineribus
1537 3354 1865 3413 eradicasse
1910 3353 2132 3412 dicitur
2178 3354 2307 3430 (vit.
2356 3352 2560 3411 Germ.
2606 3354 2687 3413 H.
2734 3354 2855 3413 and

609 3442 696 3501 St.
743 3442 794 3514 Ι,
841 3464 898 3520 p.
953 3445 1028 3501 16
1079 3463 1165 3518 sq.
1221 3444 1298 3501 18
1348 3446 1479 3519 sq.),
1544 3442 1877 3520 Prosperus
1932 3448 2129 3501 autem
2186 3443 2260 3501 de
2308 3442 2645 3503 Coelestino
2690 3464 2855 3521 papa

609 3530 970 3590 Germanum
1031 3532 1306 3591 mittente
1365 3552 1484 3590 non
1544 3532 1721 3609 plura
1776 3552 1955 3609 quam
2010 3531 2157 3593 dum
2202 3527 2575 3601 Romanam,
2635 3532 2853 3609 inquit,

606 3617 858 3679 insulam
903 3620 1138 3681 studet
1180 3640 1411 3680 servare
1456 3618 1800 3681 catholicam
1848 3624 2057 3695 (contr.
2090 3619 2237 3679 0011.
2274 3620 2351 3676 21
2407 3639 2483 3698 op
2516 3620 2583 3693 .I‚
2630 3642 2687 3699 p.
2726 3622 2849 3679 197

607 3710 686 3767 Η.
735 3708 851 3767 and
899 3708 986 3769 St.
1035 3710 1084 3781 Ι,
1132 3730 1188 3786 p.
1241 3712 1365 3786 16),
1412 3710 1617 3786 itaque
1664 3710 1909 3769 dubium
1966 3716 2086 3783 est,
2155 3728 2296 3766 num
2357 3708 2525 3768 brevi
2585 3715 2855 3787 tempore

609 3799 918 3857 evanuerit
950 3799 1011 3856 in
1043 3798 1361 3858 Britannia
1402 3799 1663 3858 haeresis
1693 3799 2039 3874 Pelagiana.
2130 3796 2251 3857 Sed
2295 3798 2561 3875 profecto
2608 3797 2855 3856 dubium

607 3908 723 3946 non
772 3893 863 3945 est
879 3933 892 3961 ,
943 3888 1084 3965 quin
1141 3922 1213 3932 —
1267 3889 1526 3961 omissis,
1594 3908 1747 3965 quae
1794 3888 1866 3945 de
1913 3886 2184 3945 doctrina
2228 3886 2462 3962 Pelagii
2509 3906 2853 3945 commemo-

606 3977 868 4035 ravimus
917 3983 978 4035 et
1017 3980 1153 4052 jure
1201 3978 1430 4036 omissis
1477 3998 1615 4035 nam
1660 3996 1847 4052 paene
1893 3981 2084 4035 totam
2130 3976 2291 4034 illius
2338 3975 2625 4053 temporis
2670 3976 2852 4034 eccle-

608 4065 755 4125 siam
803 4066 1070 4125 docuisse
1117 4071 1352 4126 constat
1398 4066 1507 4125 tali
1551 4065 1816 4138 ratione,
1864 4085 2017 4142 quae
2063 4063 2296 4141 Pelagii
2342 4063 2647 4123 doctrinae
2694 4064 2853 4123 simi-

605 4154 721 4213 lior
764 4155 945 4214 fuerit
991 4175 1169 4230 quam
1217 4154 1546 4231 Augustini
1594 4190 1681 4199 —
1726 4153 2043 4213 Britonum
2090 4152 2363 4225 ecclesia,
2428 4153 2624 4230 quoad
2668 4153 2853 4231 impe-

607 4244 759 4302 rium
804 4243 1138 4303 Romanum
1185 4244 1248 4301 in
1293 4243 1616 4303 Britannia
1662 4244 1973 4303 constabat
2018 4242 2055 4299 i.
2103 4262 2152 4299 e.
2198 4262 2235 4299 a
2280 4240 2622 4319 primordiis
2667 4262 2857 4319 usque

609 4332 685 4393 ad
731 4353 950 4393 annum
1001 4333 1237 4395 circiter
1284 4332 1412 4389 450
1461 4334 1637 4411 plane
1684 4333 2014 4392 orthodoxa
2061 4330 2141 4389 sit
2184 4329 2475 4390 habenda.
