3167 4900
1224 244 1477 309 —97
1580 276 1653 283 -

316 424 381 477 et
428 420 509 476 29
558 419 695 497 Β).
730 463 743 478 .
784 416 868 478 ad
912 427 965 479 te
1008 438 1257 500 namque
1300 419 1475 478 totius
1522 418 1798 479 exercitus
1843 419 2113 479 domini.
2193 418 2561 505 ‚periculum

301 506 573 585 pertinet.
652 502 743 567 Te
784 516 968 567 totum
1013 516 1317 590 exspectat,
1366 528 1466 589 quc
1502 516 1844 587 potestatem
1886 506 2060 569 habes
2107 464 2271 585 (istm
2304 510 2576 586 habens)·

316 594 515 655 omnia
554 596 893 668 ordinandi,
927 594 1141 656 bellum
1168 596 1523 669 imbitumdi,
1556 596 1730 657 duces
1761 596 2057 657 excitandi
2085 605 2196 656 etc.
2229 600 2310 674 (p.
2344 599 2426 655 29
2461 598 2557 675 F).

312 685 429 744 His
473 686 675 745 verbis
731 687 875 763 quid
922 686 1139 746 clarius
1154 686 1183 745 Ῥ
1274 687 1594 745 Proferam:
1639 687 1988 763 scriptorem
2035 686 2296 762 ejusdem
2343 688 2574 746 aetatis·

310 773 623 833 Ebrardus
667 782 729 833 et
775 776 1143 849 Warrenius,
1188 778 1533 853 producant,
1582 776 1634 835 si
1678 782 1946 853 possunt,
1991 776 2088 834 vel
2135 776 2322 834 civem
2367 776 2557 854 ipsius

308 863 475 921 urbis
520 861 776 937 Romae,
824 864 930 941 qui
974 865 1269 924 similibus
1313 866 1511 925 verbis
1556 865 1842 940 loquatur
1887 865 1960 922 de
2004 870 2302 941 potestate
2347 882 2558 942 papae.

308 950 479 1010 Luce
522 953 739 1011 clarius
786 962 876 1013 est
907 952 1258 1013 columbam
1299 954 1571 1031 episcopo
1603 954 1760 1013 sedis
1790 953 2113 1026 Romanae,
2160 959 2370 1031 utpote
2403 973 2556 1030 quae

306 1041 567 1118 insignis
609 1050 764 1101 esset
807 1043 1133 1103 traditione
1182 1064 1217 1101 a
1247 1042 1433 1102 Petro
1480 1049 1541 1101 et
1571 1042 1764 1100 Paulo
1794 1043 2080 1119 profecta,
2130 1041 2363 1119 quoad
2407 1046 2570 1124 tra-¹

308 1130 661 1189 ditionem
716 1132 916 1191 illam
952 1139 1391 1209 ⁴sequeretur
1436 1130 1790 1191 concessisse
1835 1148 2123 1189 summam
2168 1132 2232 1189 in
2277 1130 2558 1190 universa

308 1221 569 1279 ecclesia
601 1220 851 1279 docendi
896 1227 956 1280 et
996 1222 1306 1297 judicandi
1350 1226 1730 1301 potestatem.

484 1308 661 1367 Unde
708 1310 980 1387 sequitur
1027 1310 1375 1370 Columbam
1422 1311 1497 1368 de
1538 1308 1843 1382 omnibus,
1901 1327 2052 1384 quae
2099 1307 2371 1385 publicae
2416 1308 2552 1367 doc·

308 1399 511 1459 trinae
565 1408 763 1472 erant,
824 1400 1191 1459 consensisse
1252 1421 1384 1459 cum
1441 1390 1690 1457 ecclesia
1743 1396 2016 1455 Romana
2073 1416 2141 1455 ac
2195 1396 2436 1472 quidem
2489 1396 2554 1454 id

306 1489 625 1565 temporis,
665 1508 823 1563 cum,
872 1504 1025 1566 quae
1071 1494 1227 1549 esset
1270 1489 1545 1549 Romana
1592 1485 1946 1547 christianae
1981 1485 2300 1544 doctrinae
2345 1486 2552 1558 forma,

307 1584 674 1655 compertum
716 1580 842 1654 jam
888 1579 1169 1651 habebat,
1216 1598 1353 1637 nam
1401 1578 1658 1655 epistula
1689 1576 1794 1633 illa
1825 1575 1901 1633 ad
1932 1574 2300 1633 Bonifatium
2331 1594 2552 1651 papam

305 1666 509 1739 missa,
559 1686 677 1743 qua
721 1662 1095 1745 potissimum
1141 1666 1233 1726 usi
1278 1688 1505 1739 sumus,
1548 1669 1672 1741 jam
1719 1664 1783 1721 in
1829 1663 2013 1721 Italia
2059 1663 2395 1741 conscripta
2443 1668 2550 1723 cst.

302 1754 511 1831 Neque
560 1790 643 1799 —-
690 1755 779 1827 id,
843 1757 1002 1831 quod
1054 1756 1181 1832 jam
1238 1777 1345 1833 per
1403 1776 1465 1815 se
1526 1752 1878 1813 incredibile
1936 1758 2052 1831 est,
2115 1770 2252 1809 nam
2314 1751 2552 1832 saepius

305 1842 593 1903 Coiumba
624 1864 688 1902 se
718 1844 911 1921 ipsum
934 1842 1182 1903 induxit·
1195 1866 1376 1903 unum
1401 1864 1512 1924 pro
1537 1842 1809 1901 omnibus
1831 1840 2120 1899 Hibernis
2143 1839 2440 1897 dicentem
2461 1870 2550 1883 ——-

302 1932 407 1990 illa
461 1934 758 1992 sententia
803 1934 1047 2011 propria
1094 1941 1227 1993 erat
1270 1935 1447 1993 unius
1492 1931 1842 2002 Columbae,
1905 1928 2122 1988 similia
2168 1933 2331 1999 sunt,
2396 1948 2550 2004 quae

300 2020 489 2081 Jonas
510 2020 831 2085 Bobiensis
852 2022 1032 2082 dixit:
1072 2018 1533 2104 „Aequilejenses
1555 2018 1894 2080 dissentiunt
1915 2038 1960 2077 a
1976 2015 2376 2077 communione
2397 2015 2550 2075 sedis

300 2106 679 2213 apostolicae,
713 2110 787 2170 de
829 2130 947 2192 qua
992 2110 1264 2171 dominus
1307 2111 1371 2171 in
1414 2107 1705 2190 evanqelio
1749 2108 1836 2167 ad
1879 2104 2138 2167 beatum
2135 2101 2550 2185 apostolorum

289 2196 620 2279 principem
652 2196 899 2261 Petrum
946 2198 1231 2281 loquitur.-
1272 2209 1335 2259 tu
1366 2220 1426 2261 es
1456 2208 1553 2259 etc.
1587 2196 1722 2271 Μ
1739 2198 1859 2267 -16,
1911 2200 2017 2255 18²⁴
2058 2195 2188 2271 (vit.
2220 2194 2460 2253 Eustas.
2490 2196 2547 2267 7,

298 2288 453 2347 Mab.
487 2288 574 2362 ΙΙ,
608 2310 745 2347 ann.
779 2290 926 2360 625,
956 2310 1013 2367 p.
1053 2292 1229 2366 119).-
1266 2289 1545 2367 Denique
1576 2288 1822 2365 dignum
1855 2290 1944 2345 est
1975 2283 2548 2356 commemoratione,

300 2378 459 2455 quod
499 2378 763 2437 omnium
795 2378 1119 2438 occidentis
1150 2380 1645 2437 monasteriorum
1676 2376 1934 2456 primum
1953 2373 2266 2431 ·Bobiense
2296 2378 2548 2450 rogante

297 2469 519 2527 abbate
564 2487 721 2528 anno
760 2471 887 2545 jam
922 2471 1047 2527 628
1094 2469 1368 2545 neglecta
1412 2469 1517 2528 vel‘
1553 2473 1782 2526 remota
1829 2463 2092 2542 episcopi
2131 2461 2557 2538 jurisdictione·

297 2557 408 2616 soli
450 2577 645 2635 papae
692 2559 1023 2632 subjectum
1071 2565 1164 2618 est
1209 2559 1307 2635 (cf.
1353 2558 1668 2632 Harttung
1710 2577 1768 2632 Ρ.
1817 2553 2122 2626 62·--69).
2159 2621 2162 2626 ¹

478 2647 647 2722 Quae
694 2667 825 2708 cum
870 2647 959 2706 ita
1004 2647 1144 2721 sint,
1191 2646 1587 2723 colligendum
1635 2652 1726 2703 est
1766 2641 2072 2700 ecclesiam
2104 2640 2286 2710 illam,
2330 2639 2394 2696 in
2427 2659 2548 2716 qua

297 2733 587 2795 Columba
641 2747 821 2800 natus
874 2743 1005 2796 erat
1050 2743 1231 2813 atque
1276 2737 1589 2809 educatus,
1651 2741 1794 2793 tunc
1839 2729 2124 2808 temporis
2169 2747 2544 2806 nequaquam

296 2824 593 2884 inimicam
633 2828 843 2889 fuisse
903 2826 1029 2884 sedi
1092 2825 1472 2903 apostolicae.
1564 2824 1726 2900 Quin
1790 2821 1970 2880 etiam
2033 2816 2423 2878 disertissime
2485 2825 2548 2876 et

294 2913 639 2991 planissime
692 2919 980 2998 scriptum
1038 2921 1163 2974 cst
1175 2915 1236 2972 in
1283 2915 1541 3015 epistula
1588 2911 1875 2974 Cumeani
1922 2907 2280 2986 Gregorium
2323 2925 2544 2985 papam

295 3003 457 3079 apud
504 3023 707 3066 omnes
739 3006 949 3068 scotos
995 3011 1057 3062 et
1103 3004 1264 3081 apud
1308 3003 1471 3080 ipsos
1517 3003 1796 3062 Hiienses
1843 3020 2059 3076 magna
2104 2997 2375 3058 floruisse
2407 3017 2542 3057 auc-

293 3091 554 3165 toritate,
603 3114 741 3155 nam
797 3096 918 3170 „ad
948 3087 1243 3173 Greyom‘
1270 3110 1503 3172 papae,
1550 3091 1752 3167 inquit
1796 3090 2130 3149 C'umeanus
2177 3090 2403 3165 (Usser,
2451 3109 2542 3166 ep.

293 3179 412 3238 hib.
446 3186 575 3262 syll.
606 3209 666 3264 p.
702 3187 830 3262 21),
874 3183 1035 3244 urbis
1079 3181 1313 3242 Romae
1357 3179 1629 3260 qoiscopi,
1675 3199 1714 3237 a
1757 3177 1920 3238 nobis
1963 3178 2026 3238 in
2071 3198 2372 3239 commune
2415 3200 2539 3240 sus-

295 3272 441 3350 cepti
484 3282 536 3334 et
579 3273 701 3334 orde
746 3283 797 3333 et
842 3272 1010 3334 aurei
1050 3267 1435 3352 afflictione
1480 3268 1701 3341 donati,
1748 3265 1936 3328 ver-ba.
1964 3286 2058 3328 me
2104 3269 2355 3330 converti
2381 3313 2396 3328 .
2430 3315 2446 3332 .
2481 3276 2534 3328 .“

293 3359 588 3422 Attamen
636 3375 767 3422 non·
800 3383 979 3440 nego,
1034 3362 1359 3435 „liberam“
1409 3360 1591 3418 fuisse
1637 3357 1946 3418 ecclesiam
1993 3356 2304 3417 Scotorum
2353 3380 2388 3417 a
2433 3379 2537 3436 po-

290 3456 507 3510 testate
555 3459 617 3513 et
655 3450 1073 3529 jurisdictione
1106 3443 1337 3530 papae,
1394 3449 1498 3508 se'd
1544 3448 1797 3507 liberam
1844 3466 1962 3504 non
2010 3447 2289 3521 alienam,
2344 3468 2540 3526 neque

292 3541 411 3599 alia
478 3549 613 3601 erat
677 3542 927 3600 libertas
990 3541 1096 3599 illa
1160 3546 1341 3616 atque
1404 3558 1522 3616 qua
1584 3537 1795 3596 iisdem
1859 3535 2230 3613 temporibus
2295 3537 2541 3597 ecclesia

292 3627 604 3690 Gallicana
650 3631 988 3704 fruebatur,
1024 3665 1111 3674 —
1151 3649 1289 3687 nam
1336 3628 1516 3686 etiam
1563 3627 1625 3685 in
1659 3625 1858 3686 Gallia
1905 3625 2230 3684 auctoritas
2276 3627 2541 3704 episcopi

288 3719 559 3778 Romani:
595 3727 738 3778 tunc
783 3719 1069 3796 temporis
1113 3717 1313 3778 verbis
1360 3737 1491 3774 non.
1524 3717 1920 3788 minuebatur,
1967 3734 2176 3774 revera
2207 3722 2405 3775 autem
2437 3717 2538 3775 vix

290 3809 641 3886 comparuit.
732 3807 1092 3868 Inimicitiae
1139 3827 1281 3884 ergo
1328 3805 1488 3865 inter
1532 3805 1843 3883 episcopos
1882 3803 2188 3864 Romanos
2233 3811 2294 3863 et
2339 3811 2536 3882 poste-

288 3896 462 3955 rioris
508 3897 795 3974 temporis
842 3895 1069 3968 Scotos,
1118 3896 1169 3954 si
1216 3913 1367 3971 quae
1412 3893 1709 3966 fuerunt1,
1756 3913 1876 3951 non
1923 3913 2100 3952 causa
2144 3894 2388 3951 fuerunt
2432 3891 2536 3950 sed

290 3984 485 4044 exitus
532 3986 971 4045 controversiae
1017 3985 1177 4044 illius
1224 3985 1383 4043 inter
1422 3981 1635 4043 Scotos
1683 3988 1743 4039 et
1788 3981 2320 4058 Anglo-SaxoneS.

436 4142 455 4172 ²
496 4142 667 4195 Tales
713 4141 1044 4195 inimicitiae
1098 4141 1365 4194 videntur
1413 4138 1638 4192 elucere
1687 4153 1718 4190 e
1755 4135 2012 4188 versibus
2051 4135 2388 4204 quibusdam
2427 4135 2533 4187 Hi-

285 4211 537 4266 hernicis
577 4213 759 4266 codici
790 4231 915 4283 epp.
948 4212 1107 4266 Paul.
1136 4212 1517 4265 Boerneriano
1548 4212 1718 4278 (saec.
1746 4207 1902 4274 ΙΧ)
1886 4225 1946 4260 m
1971 4208 2224 4276 margine
2253 4206 2530 4274 ascriptis„

288 4299 522 4350 quorum
579 4284 839 4337 notitiam
897 4283 1233 4337 Franciscus
1278 4281 1690 4344 DelitzschiuS,
1756 4281 1845 4333 vir
1901 4296 2113 4331 summe
2171 4277 2533 4342 reverenduS,

289 4355 691 4408 humanissime
730 4354 867 4408 mihi
908 4355 1262 4423 comparavit
1288 4354 1383 4424 (cf.
1415 4352 1656 4416 Ebrard,
1698 4351 2016 4404 Bonifatius
2043 4368 2097 4418 p.
2131 4351 2236 4417 10).
2305 4348 2535 4417 Scripta

2072 4439 2102 4492 7
