3167 4900
1201 249 1463 307 —85
1562 285 1639 297 —

306 429 502 494 nerat,
550 422 803 500 denique
852 424 1084 483 Tudam
1097 468 1111 497 ,
1175 426 1277 502 qui
1322 434 1537 486 tenente
1582 422 1776 485 adhuc
1805 426 2215 511 pontificatmn
2263 426 2551 489 Colmano

303 511 364 569 in
422 512 1005 588 Nordanhymbriam
1074 519 1323 573 venerat
1380 520 1443 573 et
1498 517 1741 574 summis
1801 517 1960 594 apud
2018 517 2549 593 Nordanhymbros

302 600 628 659 honoribus
674 600 1033 675 habebatur,
1094 619 1436 679 quanquam
1491 602 1658 683 apud
1713 600 1918 663 Scotos
1971 603 2262 683 aasm'nos
2313 604 2374 665 in
2430 603 2546 666 Hi-

304 686 503 747 bernia
546 688 809 748 melicas
848 685 1029 769 juxta
1070 709 1296 749 morem
1348 688 1509 751 illias
1548 690 1892 771 provinciae
1947 701 2248 752 tonsuram
2302 714 2550 755 coronae

301 774 545 835 habebat
586 784 637 836 et
666 774 1010 837 catholicam
1054 778 1329 857 temporis
1358 776 1666 859 paschalis
1693 778 1960 861 requlam
1989 779 2324 841 observabat
2350 782 2550 859 (Beda

299 867 356 923 h.
388 886 438 923 e.
475 866 534 941 3,
571 867 672 938 26,
704 867 741 943 ξ
772 867 945 942 237).

482 953 652 1050 Quae
696 974 829 1012 cum
875 954 963 1013 ita
1009 962 1229 1029 essent,
1289 954 1417 1014 fieri
1463 976 1579 1015 non
1637 958 1863 1035 potuit,
1913 959 2055 1034 quin
2115 958 2370 1039 quaestio
2414 958 2545 1039 fre·

300 1060 477 1123 quens
535 1049 588 1101 et
616 1062 864 1123 .ma9=na
923 1042 997 1103 de
1066 1041 1455 1105 observatione
1511 1043 1775 1125 paschae
1839 1045 2095 1105 om‘retm·
2163 1048 2324 1107 inter
2385 1048 2549 1125 ipsos

302 1130 511 1189 Scotos
557 1136 620 1189 et
666 1150 781 1203 eos,
828 1131 931 1211 qai
974 1131 1047 1191 de
1094 1127 1304 1192 Cantia
1348 1130 1439 1191 vel
1482 1132 1556 1193 de
1603 1128 1806 1194 Gallia
1849 1133 2205 1195 advenerant
2249 1134 2443 1211 (Beda
2489 1136 2547 1195 h.

302 1238 351 1278 e.
400 1220 457 1292 3,
508 1218 613 1292 25,
662 1220 697 1296 ἓ
748 1222 921 1296 226).
1013 1218 1137 1280 Sed
1194 1218 1335 1279 haec
1394 1219 1756 1281 dissonantia
1799 1219 2095 1301 paschalis
2155 1222 2550 1283 observantiae

301 1305 516 1367 viveme
575 1303 826 1367 Aedano
876 1308 1171 1389 patienter
1226 1308 1302 1367 ab
1358 1308 1628 1369 omnibus
1684 1306 2040 1371 tolerabatur
2097 1312 2179 1389 (h.
2227 1333 2274 1371 e.
2326 1314 2391 1386 3,
2441 1313 2544 1386 25,

304 1396 339 1473 ξ
389 1397 567 1473 226),
614 1396 880 1457 Finanus
940 1403 1165 1470 autem,
1213 1396 1455 1457 Aedani
1508 1419 1808 1459 successor
1851 1400 2276 1477 (651—661),
2325 1400 2548 1479 quippe

304 1485 407 1560 qui
452 1486 628 1543 homo
677 1492 833 1544 esset
877 1485 1179 1545 ferocioris
1208 1486 1410 1560 animi,
1456 1494 1730 1565 apertum
1777 1487 2192 1549 observantiae
2235 1490 2548 1549 Romanae

302 1573 705 1632 adversarium
752 1594 814 1631 se
859 1574 1157 1651 praebuit,
1205 1582 1267 1633 et
1327 1596 1459 1633 cum
1514 1577 1794 1635 defuncto
1841 1576 2073 1637 Finano
2117 1577 2438 1637 Colmanus
2483 1578 2546 1636 in

304 1662 710 1739 episcopatum
756 1664 1150 1736 successisset,
1195 1663 1375 1721 etiam
1420 1664 1665 1740 gravior
1708 1666 1870 1723 facta
1915 1672 2008 1723 est
2053 1667 2477 1725 controversia.

480 1750 643 1824 Quid
701 1750 885 1809 tunc?
959 1751 1385 1810 Intermissane
1446 1759 1538 1811 est
1597 1754 1962 1812 consuetudo
2025 1774 2158 1812 cum
2212 1753 2546 1812 Romanis?

304 1837 536 1897 Suntne
582 1844 751 1897 ortae
796 1839 1143 1899 inimicit-iae
1175 1840 1331 1899 sicut
1376 1841 1533 1900 inter
1563 1839 1844 1901 Britones
1876 1848 1937 1900 et
1966 1841 2309 1907 RomanosZ
2354 1842 2546 1900 Immo

298 1926 513 1986 habita
556 1933 648 1986 est
692 1928 950 2004 synodus
994 1930 1057 1986 in
1104 1930 1462 1989 monasterio
1497 1929 2081 1989 Strenaeshalchensi
2126 1937 2368 1990 auctore
2413 1931 2545 2007 ipso

300 2036 443 2092 rege
490 2014 715 2074 Osviuo
749 2050 831 2060 -
880 2022 943 2075 et
988 2018 1315 2095 composita
1361 2024 1453 2076 est
1498 2018 1918 2079 controversia.
1979 2018 2190 2079 Nonne
2237 2020 2382 2078 haec
2413 2019 2546 2097 ipsa

300 2124 395 2163 res
438 2104 903 2163 luculentissime
950 2106 1297 2183 comprobat
1342 2107 1453 2165 nisi
1504 2107 1828 2166 levioribus
1889 2106 2152 2167 diversas
2198 2128 2320 2166 non
2364 2107 2545 2167 fuisse

303 2192 579 2251 ecclesias
636 2192 950 2252 Scotorum
1008 2201 1070 2253 et
1113 2194 1562 2253 Romanorum?
1606 2194 1781 2255 Adeo
1827 2196 2068 2255 levioris
2122 2196 2407 2255 momenti
2451 2197 2543 2254 fu-

304 2288 480 2340 erunt
526 2278 681 2341 aliae
725 2282 865 2340 illae
910 2278 1315 2343 ecokaasacae
1360 2282 1508 2341 vitae
1538 2280 1903 2364 disciplinae,
1951 2285 2025 2343 de
2060 2285 2276 2361 quibus
2305 2292 2548 2361 praeter

300 2370 777 2429 observationem
839 2372 1173 2449 paschalem
1234 2373 1639 2431 controversia
1699 2379 1832 2432 orta
1892 2380 2022 2432 erat
2083 2372 2164 2450 (h.
2213 2394 2262 2431 e.
2324 2374 2360 2430 3
2378 2417 2392 2446 ,
2443 2373 2544 2445 25,

300 2461 335 2538 ξ
382 2459 559 2536 227),
606 2465 677 2517 ut
721 2459 891 2518 Beda
934 2461 1124 2518 solum
1170 2461 1233 2519 id
1276 2462 1594 2520 memoriae
1639 2463 1942 2538 proderet,
2008 2463 2167 2539 quod
2223 2462 2296 2519 de
2341 2464 2542 2521 obser-

297 2549 508 2609 vantia
565 2547 835 2625 paschali
892 2555 1090 2608 actum
1154 2555 1247 2608 est
1312 2549 1376 2607 in
1437 2549 1680 2625 synodo.
1770 2549 1980 2627 Neque
2041 2557 2241 2608 tamen
2305 2550 2544 2608 omnino

298 2638 659 2715 ignoramus,
726 2656 878 2714 quae
938 2638 1163 2696 fuerint
1208 2638 1358 2697 aliae
1402 2638 1541 2696 illae
1589 2639 2024 2698 controversiae
2071 2657 2298 2698 causae.
2388 2638 2546 2697 Nam·

301 2726 479 2784 etiam
526 2725 603 2783 de
662 2729 909 2784 tonsura
970 2746 1088 2786 non
1152 2727 1456 2785 minimam
1517 2727 1923 2803 quaestionem
1977 2727 2158 2786 fuisse
2203 2726 2370 2784 Beda
2415 2727 2547 2805 ipse

300 2821 391 2874 est
434 2813 609 2872 testis
656 2815 738 2888 (h.
784 2835 834 2873 e.
884 2815 942 2887 3,
992 2817 1093 2886 26,
1144 2816 1179 2892 ξ
1216 2816 1389 2892 236).
1459 2815 1782 2874 Praeterea
1841 2835 1992 2894 quae
2046 2816 2270 2874 fuerint
2316 2835 2543 2889 causae,

298 2903 661 2980 ignoramus.
738 2901 1173 2980 Suspicandum
1219 2910 1416 2963 autem
1463 2909 1554 2963 est
1599 2905 1674 2963 de
1720 2905 1938 2963 ritibus
1983 2904 2422 2975 ecclesiasticis,
2469 2905 2544 2962 de

301 2991 745 3050 consecratione
806 2992 1179 3050 sacerdotum
1226 2992 1371 3067 (vid.
1428 3013 1608 3069 supra
1665 3014 1724 3071 p.
1743 2994 1901 3067 „76),
1963 2993 2038 3050 de
2098 2992 2330 3050 ratione
2395 2992 2542 3049 cele-

300 3080 566 3138 brandae
613 3079 1005 3138 eucharistiae
1037 3080 1181 3156 (vid.
1227 3080 1385 3139 infra
1430 3081 1592 3158 apud
1622 3079 1748 3138 Col.
1780 3081 1958 3156 Lux.)
2005 3085 2066 3138 et
2111 3079 2186 3137 de
2226 3079 2356 3138 aliis
2389 3082 2542 3155 ejus-

300 3168 461 3228 modi
522 3188 652 3227 esse
716 3168 1114 3247 disputatum,
1176 3169 1251 3226 de
1308 3169 1524 3244 quibus
1587 3167 1882 3227 sciscitari·
1923 3175 2129 3227 nostra
2175 3187 2294 3227 non
2338 3169 2541 3239 refert,

302 3257 440 3333 quia
484 3257 617 3334 ipse
662 3257 875 3332 synodi
921 3263 1169 3317 eventus
1215 3257 1586 3316 demonstrat
1642 3257 1867 3316 leviora
1925 3257 2108 3316 fuisse
2170 3257 2274 3314 illa
2327 3255 2546 3314 omnia.

305 3395 310 3400 .
480 3345 803 3404 Colmanus
850 3346 1086 3422 quidem
1130 3365 1336 3423 pacem
1384 3352 1446 3405 et
1491 3345 1865 3404 concordiam
1894 3340 2059 3403 ‘cum
2105 3344 2396 3404 Romanis
2453 3364 2544 3402 re·

300 3434 463 3512 spuit
496 3441 559 3493 et
587 3432 787 3494 videns
831 3441 1090 3512 spretam
1118 3453 1289 3493 suam
1319 3431 1650 3494 doctrinam
1687 3440 2008 3514 sectamque
2051 3451 2169 3494 esse
2213 3431 2544 3512 despectam

300 3521 617 3602 assumptis
662 3518 779 3593 his,
827 3522 1019 3599 iisque
1064 3523 1287 3601 paucis,
1334 3521 1437 3604 qui
1477 3542 1613 3583 eam
1641 3521 1804 3604 sequi
1828 3518 2146 3593 voluerant,
2187 3520 2254 3582 in
2283 3518 2545 3582 Scotiam

300 3629 593 3690 reyressus
637 3619 721 3670 est
765 3611 960 3686 (Beda
1005 3611 1061 3670 h.
1108 3632 1158 3670 e.
1208 3613 1265 3683 3,
1300 3613 1402 3685 26,
1452 3613 1487 3688 ξ
1524 3613 1699 3687 236),
1745 3612 1850 3670 sed
1893 3611 2024 3689 ipse
2071 3631 2176 3670 rex
2223 3616 2310 3684 et,
2359 3611 2462 3686 qui
2507 3629 2544 3668 a

302 3698 589 3758 Colmano
636 3705 929 3758 steterant
972 3700 1037 3757 in
1068 3700 1310 3776 synodo,
1344 3699 1509 3758 cedd
1555 3701 1869 3778 episcopus
1915 3707 1976 3760 et
2005 3699 2196 3758 Hilda
2242 3699 2544 3759 abbatissa

300 3787 612 3848 Scotorum
672 3788 927 3864 vestigia
986 3789 1359 3864 reliquerunt
1413 3789 1494 3864 (h.
1542 3809 1591 3846 e.
1647 3789 1702 3861 3,
1753 3786 1855 3862 26,
1903 3790 1938 3866 ξ
1987 3790 2143 3865 236)
2199 3796 2261 3848 et
2319 3789 2542 3862 ubique

299 3877 363 3934 in
406 3875 729 3935 Britannia
775 3897 977 3935 omnes
1008 3875 1201 3955 Angli
1245 3877 1413 3956 brevi
1457 3882 1726 3956 tempore
1773 3877 1849 3935 ad
1889 3875 2295 3936 Romanorum
2342 3875 2540 3934 amici-

302 3965 445 4024 tiam
492 3985 555 4024 se
602 3966 985 4024 contulerunt
1030 3971 1091 4022 et
1136 3966 1254 4043 ipsi
1285 3965 1467 4037 Scoti‚
1517 3966 1621 4042 qui
1665 3965 1829 4022 inter
1856 3962 2091 4040 Anglos
2137 3965 2542 4034 morabantur,

301 4061 401 4112 aut.
458 4072 675 4112 manas
734 4052 1018 4114 dederunt
1072 4049 1366 4113 Romanis
1420 4061 1523 4111 aut
1580 4070 1752 4111 suam
1807 4050 2105 4111 redierunt
2156 4051 2241 4112 ad
2271 4049 2544 4131 patriam

300 4141 378 4217 (h.
428 4161 477 4216 e,
530 4143 587 4215 3,
638 4142 739 4215 28,
786 4143 823 4220 ξ
872 4141 1044 4217 244).
1136 4142 1270 4216 Quo
1314 4143 1538 4222 factum
1584 4145 1701 4214 est,
1759 4144 1830 4198 ut
1879 4147 2137 4217 quatuor
2189 4141 2360 4199 annis
2405 4144 2545 4217 post

304 4232 590 4307 synodum
638 4229 1295 4290 Strenaeshalchensem
1344 4229 1712 4304 Theodorus,
1758 4229 2234 4308 archiepiscopus
2280 4229 2539 4288 Cantua-

302 4319 520 4393 rensis,
568 4319 764 4378 Roma
808 4319 1021 4378 missus
1074 4319 1258 4396 (668)
1304 4323 1535 4378 tantam
1596 4319 1766 4378 brevi
1823 4325 2090 4396 tempore
2149 4319 2212 4376 in
2273 4318 2546 4377 omnibus
