3167 4900
1429 198 1865 256 -44—

492 355 668 439 'duos
713 378 1013 439 Patricios
1075 377 1441 456 distinguere
1499 377 1690 436 coacti
1750 382 1904 437 sunt.
1997 376 2130 435 Tali
2194 377 2351 436 enim
2412 377 2586 436 modo
2644 381 2772 454 jam

521 468 828 528 annotatio
884 469 988 527 illa
1034 468 1106 527 de
1154 468 1420 527 Patricio
1467 473 1528 525 et
1571 466 1845 526 Palladio
1892 465 2171 526 distinxit
2224 466 2384 526 inter
2428 466 2772 526 Palladium

518 556 657 640 „qui
683 554 980 617 Patricius
1011 554 1130 617 alio
1159 556 1390 617 nomine
1419 553 1861 638 appellabatur-‘⁶
1890 560 1949 614 et
1980 555 2345 626 „secundum
2374 553 2772 628 Patricium“‚

423 639 428 642 ¹
520 647 851 707 Hiberniae
883 648 1212 726 apostolum
1249 647 1345 723 (cf.
1380 665 1558 722 supra
1588 665 1645 724 p.
1680 645 1806 720 35).
1897 643 2235 704 Palladium
2280 645 2466 722 igitur
2510 646 2773 705 alterum

519 737 685 795 illum
733 735 1059 797 Patricium
1107 755 1232 794 esse
1278 735 1506 813 opinor.

697 825 1037 884 Palladium
1081 823 1544 901 intellegendum
1592 841 1715 880 esse
1747 822 1926 880 etiam
1968 823 2029 880 in
2062 822 2229 882 Fieci
2259 823 2476 900 hymno
2512 825 2773 884 alterum

518 914 851 975 Patricium
898 913 1192 973 affirmare
1235 933 1356 972 non
1402 911 1629 970 dubito.
1718 910 1883 987 Ergo
1930 910 2093 970 Fieci
2138 912 2390 989 hymnus
2436 934 2555 972 non
2604 915 2773 991 prius

520 1003 881 1082 compositus
945 1008 1057 1076 est,
1123 1022 1299 1079 quam
1355 1000 1520 1060 Scoti
1576 999 1651 1058 de
1702 1000 1975 1058 Palladio
2037 999 2410 1060 audiverunt.
2503 1002 2775 1062 Palladii

520 1099 721 1152 autem
767 1092 1058 1164 notitiam,
1105 1091 1156 1150 si
1200 1111 1408 1150 revera
1437 1089 1731 1148 Muirchui
1762 1089 1887 1148 vita
1909 1095 2183 1172 'exeunte
2231 1092 2463 1150 saeculo
2510 1092 2773 1170 septimo

521 1182 857 1259 conscripta
905 1187 1012 1254 est,
1060 1180 1242 1252 Scoti,
1291 1179 1430 1257 quia
1472 1178 1838 1237 Tirechanus
1886 1199 2006 1237 non
2046 1181 2172 1254 jam
2220 1180 2578 1240 mentionem
2626 1182 2774 1241 fecit

521 1272 594 1330 (16
638 1268 936 1344 Palladio,
1000 1291 1066 1328 60
1122 1269 1251 1347 ipso
1309 1273 1560 1326 exeunte
1616 1268 1849 1326 saeculo
1906 1269 2158 1346 septimo
2218 1269 2466 1348 ideoque
2516 1291 2587 1329 ex
2636 1271 2771 1348 ipso

519 1360 833 1438 Prospero,
880 1378 999 1416 non
1047 1380 1118 1417 ex
1150 1358 1336 1431 Beda,
1383 1361 1753 1436 acceperunt.
1844 1356 2060 1434 Itaque
2101 1357 2265 1415 Fieci
2310 1359 2593 1436 hymnum
2643 1380 2771 1418 sae-

520 1449 648 1508 culo
697 1453 906 1507 octavo
957 1447 1346 1525 compositum
1394 1465 1517 1506 esse
1577 1464 1784 1505 censeo
1840 1453 1978 1524 post
2033 1447 2399 1525 conscriptas
2445 1447 2771 1507 'l'irechani

519 1536 936 1596 annotationes
991 1543 1052 1596 et
1114 1535 1411 1596 Muirchui
1473 1534 1677 1595 vitam.
1770 1535 1937 1610 Quae
2002 1535 2299 1594 sententia
2366 1537 2773 1614 compluribus

520 1625 854 1685 confirmari
909 1633 1136 1705 potest,
1201 1644 1350 1702 quae
1405 1624 1516 1682 hoc
1573 1644 1690 1682 uno
1751 1624 2351 1702 comprehenduntur,
2416 1626 2576 1703 quod
2633 1648 2771 1685 cum

518 1715 815 1774 Muirchui
861 1715 986 1776 vita
1032 1715 1120 1774 ita
1167 1713 1442 1789 congruit
1486 1712 1654 1771 Fieci
1699 1713 1977 1790 hymnus,
2039 1719 2108 1772 ut
2161 1713 2267 1772 illa
2323 1714 2454 1791 ipsa
2502 1715 2632 1774 vita
2679 1715 2769 1775 ita

518 1826 657 1863 usus
714 1825 838 1864 esse
894 1804 1171 1863 videatur
1224 1802 1429 1879 hymni
1481 1808 1685 1879 poeta,
1758 1807 1829 1861 ut
1895 1822 2045 1879 quae
2111 1823 2183 1860 ex
2245 1802 2351 1860 illa
2416 1810 2769 1882 sumpserat,

519 1895 770 1953 aliorum
816 1893 1034 1952 fabulis
1081 1900 1342 1969 augeret.
1404 1891 1559 1952 Nam
1606 1912 1724 1949 non
1772 1891 1960 1950 solum
2006 1896 2257 1968 uterque
2295 1891 2558 1952 Palladii
2604 1915 2767 1952 men-

521 1983 743 2042 tionem
789 1982 935 2040 facit
980 2002 1171 2059 neque
1216 1987 1416 2040 tamen
1461 1980 1725 2040 fabulam
1773 1980 1845 2039 de
1878 1979 2214 2040 Coelestino
2246 2001 2403 2059 papa
2434 1981 2769 2041 Patricium

520 2071 796 2130 mittente
845 2075 1099 2143 enarrat,
1146 2076 1399 2147 uterque
1448 2072 1531 2127 60
1579 2090 1765 2128 annos
1796 2069 2125 2128 Patricium
2173 2070 2233 2127 in
2265 2070 2566 2129 Hibernia
2614 2092 2769 2130 com-

521 2166 813 2219 moratum
862 2166 922 2218 et
959 2160 1081 2217 120
1131 2179 1314 2218 annos
1359 2163 1565 2218 natum
1614 2179 1645 2217 e
1690 2158 1818 2216 vita
1863 2159 2193 2236 profectum
2241 2179 2367 2218 esse
2412 2160 2614 2233 refert,
2662 2161 2770 2220 sed

521 2249 645 2306 fere
691 2248 887 2306 omnia
935 2269 1086 2324 quae
1117 2248 1410 2308 carminis
1441 2248 1711 2306 versibus
1761 2247 1925 2305 43-
1942 2248 2017 2304 61
2072 2248 2451 2306 continentur
2496 2249 2769 2308 invenies

519 2338 680 2416 apud
724 2337 1098 2396 Muirchuum
1146 2323 1427 2413 (Betham
1456 2336 1544 2408 II,
1579 2357 1715 2414 app.
1747 2358 1804 2414 p.
1837 2335 1964 2396 XV
1994 2337 2108 2413 sq.)
2156 2357 2223 2394 66
2271 2337 2508 2415 (1111(16111
2556 2338 2768 2397 eodem

518 2427 641 2486 fere
697 2427 905 2487 ordine
964 2433 1230 2501 narrata,
1283 2427 1396 2486 sed
1449 2425 1807 2503 simpliciora
1864 2427 1959 2504 (cf.
2014 2425 2251 2504 inprim.
2300 2447 2449 2487 vers.
2500 2427 2668 2485 55—-
2680 2429 2766 2487 60

521 2537 651 2577 cum
694 2517 994 2578 Muirchui
1039 2538 1096 2597 p.
1141 2516 1346 2593 XVI).
1439 2516 1715 2592 Denique
1762 2536 1914 2593 quae
1960 2515 2033 2573 (16
2081 2513 2377 2575 Germano
2434 2517 2496 2574 in
2554 2517 2767 2577 insulis

520 2606 701 2665 maris
765 2605 1061 2684 Tyrrheni
1124 2626 1242 2664 una
1311 2626 1441 2663 cum
1510 2603 1777 2663 Patricio
1852 2610 2249 2663 commorante
2316 2626 2497 2684 supra
2558 2628 2617 2684 p.
2678 2608 2761 2665 41

519 2695 761 2772 protuli,
807 2693 918 2753 1106
963 2696 1090 2753 1060
1136 2694 1502 2771 neglegenda
1548 2713 1667 2751 non
1714 2700 1869 2752 sunt.

699 2783 867 2858 Quae
922 2803 1053 2841 cum
1106 2783 1194 2841 ita
1249 2783 1393 2855 sint,
1462 2782 1629 2840 Fieci
1683 2782 1935 2857 hymnus
1996 2784 2221 2841 nullum
2276 2783 2353 2841 ad
2416 2784 2765 2844 solvendam

522 2878 784 2933 nostram
832 2871 1237 2949 quaestionem
1283 2870 1490 2930 attulit
1535 2876 1912 2929 momentum.
2004 2869 2094 2930 At
2142 2871 2462 2932 Secundini
2507 2874 2763 2949 hymnus

521 2962 691 3021 adest
734 2961 988 3021 testibus
1033 2960 1338 3020 non-solis
1369 2960 1449 3019 H.
1481 2960 1601 3019 and
1632 2958 1719 3017 St.
1753 2960 1863 3036 (II,
1900 2962 1957 3033 2,
1990 2982 2047 3041 p.
2084 2962 2207 3019 327
2244 2965 2393 3039 not.)
2426 2962 2612 3041 ipsius
2642 2962 2761 3022 Pa-

521 3050 680 3110 tricii
725 3050 1092 3129 temporibus
1139 3050 1524 3128 conscriptuS.
1619 3047 1738 3108 Sed
1783 3050 1990 3123 time0,
2053 3070 2127 3108 ne
2175 3071 2292 3109 non
2339 3052 2549 3127 majori
2596 3052 2760 3111 utili-

519 3140 634 3199 tati
680 3140 850 3199 nobis
896 3140 975 3199 sit
1023 3160 1198 3217 quam
1245 3139 1411 3198 Fieci
1457 3136 1719 3212 carmen,
1781 3160 1918 3197 nam
1966 3139 2039 3196 de
2083 3144 2377 3217 tempore,
2441 3161 2557 3218 quo
2606 3162 2760 3201 com-

517 3229 746 3306 positus
803 3235 980 3302 esset,
1054 3235 1216 3288 certo
1280 3229 1488 3289 falsam
1554 3229 1909 3287 sententiam
1965 3229 2235 3288 tulerunt
2289 3229 2407 3288 viri
2460 3231 2623 3289 docti
2677 3231 2761 3290 H.

518 3318 637 3377 and
668 3317 754 3377 St.
817 3317 1137 3377 Potissimo
1182 3318 1337 3376 enim
1367 3323 1622 3377 utuntur
1651 3324 2019 3392 argumento,
2069 3317 2228 3394 quod
2271 3318 2335 3376 in
2381 3318 2492 3377 1106
2536 3319 2761 3396 hymno

518 3407 604 3464 nil
649 3406 793 3466 insit
839 3408 910 3465 de
956 3408 1078 3465 ulla
1124 3406 1372 3465 Patricii
1419 3426 1549 3465 cum
1595 3406 1883 3465 Romanis
1929 3406 2375 3465 necessitudine.
2467 3405 2559 3467 At
2612 3408 2762 3468 haec

517 3496 648 3573 ipsa
692 3516 786 3554 res
829 3496 894 3553 in
941 3495 1372 3555 dubitationem
1419 3495 1620 3555 vocari
1665 3500 1877 3573 potest.
1953 3493 2057 3553 An
2105 3495 2264 3572 quod
2307 3496 2757 3574 110616»άονηί-

516 3592 679 3654 1111866,
749 3584 970 3661 inquit,
1039 3581 1252 3655 „illum
1306 3581 1491 3665 eleqet,
1560 3593 1624 3643 ut
1678 3583 1905 3644 doceret
1959 3582 2245 3643 barbaras
2307 3584 2608 3645 nationes“
2664 3589 2757 3646 vel

517 3691 727 3753 „quem
772 3672 914 3733 deus
959 3671 1116 3732 misit
1158 3682 1222 3732 ut
1265 3671 1528 3733 Paulum
1573 3672 1658 3733 ad
1699 3680 1889 3753 yentes
1935 3669 2326 3752 Apostolum“
2371 3675 2475 3750 (H.
2508 3676 2629 3733 and
2669 3674 2759 3735 St.

516 3762 602 3835 II,
653 3764 690 3819 2
749 3784 805 3841 p.
858 3763 983 3821 324
1032 3769 1091 3821 et
1139 3762 1310 3838 325),
1374 3764 1757 3840 comprobare
1818 3768 2017 3839 potest
2077 3768 2314 3839 poetam
2374 3764 2445 3821 de
2507 3764 2761 3823 Patricii

517 3852 831 3911 itineribus
884 3872 993 3929 per
1041 3850 1299 3909 Galliam
1353 3858 1534 3929 atque
1590 3851 1831 3909 Italiam
1879 3858 1987 3909 etc.
2044 3851 2192 3909 nihil
2238 3851 2577 3911 audivisse?
2646 3854 2757 3911 Mi-

518 3940 690 4000 nime.
780 3942 934 4001 Nam
989 3941 1075 4001 nil
1129 3942 1367 4001 omnino
1422 3941 1580 3999 inest
1625 3939 1688 3997 in
1733 3939 1844 3997 hoc
1890 3940 2147 3997 carmine
2193 3940 2267 3998 de
2313 3940 2439 3999 vita
2486 3941 2757 4017 Patricii,

518 4029 767 4106 hymnus
813 4037 903 4089 est
947 4030 1151 4091 laudes
1199 4030 1522 4103 continens,
1569 4048 1688 4085 non
1736 4035 1976 4087 enarrat
2020 4029 2223 4087 vitam.
2285 4029 2512 4105 Hymni
2558 4037 2757 4090 autem

519 4123 730 4177 natura
776 4120 909 4189 fert,
958 4124 1026 4177 ut
1072 4118 1144 4177 de
1187 4119 1525 4177 hominibus
1574 4136 1750 4194 quam
1798 4118 2037 4176 minime
2084 4117 2316 4176 dicatur
2363 4124 2423 4176 et
2469 4118 2614 4179 deus
2661 4122 2758 4179 vel

519 4208 710 4266 sancti
779 4207 1148 4266 sufficiantur
1214 4208 1278 4265 in
1341 4226 1540 4264 eorum
1600 4207 1810 4265 locum.
1905 4205 2063 4281 Quin
2130 4206 2309 4264 etiam
2370 4209 2578 4285 negari
2637 4230 2758 4269 non

519 4300 732 4373 potest,
780 4296 926 4356 alios
975 4296 1250 4355 carminis
1297 4314 1500 4355 versus
1545 4295 1639 4353 his
1685 4296 1882 4355 verbis
1928 4294 2204 4371 scriptos:
