<?xml version="1.0" encoding="UTF-8"?>
<!DOCTYPE html PUBLIC "-//W3C//DTD XHTML 1.0 Transitional//EN"
    "http://www.w3.org/TR/xhtml1/DTD/xhtml1-transitional.dtd">
<html xmlns="http://www.w3.org/1999/xhtml" xml:lang="en" lang="en">
 <head>
  <title>
</title>
<meta http-equiv="Content-Type" content="text/html;charset=utf-8" />
  <meta name='ocr-system' content='tesseract 3.04.00' />
  <meta name='ocr-capabilities' content='ocr_page ocr_carea ocr_par ocr_line ocrx_word'/>
</head>
<body>
  <div class='ocr_page' id='page_1' title='image "./antiquaebritonu01loofgoog_0088.png"; bbox 0 0 3167 4900; ppageno 0'>
   <div class='ocr_carea' id='block_1_1' title="bbox 1488 228 1932 287">
    <p class='ocr_par' dir='ltr' id='par_1_1' title="bbox 1488 228 1932 287">
     <span class='ocr_line' id='line_1_1' title="bbox 1488 228 1932 287; baseline 0.005 -14"><span class='ocrx_word' id='word_1_1' title='bbox 1488 228 1932 287; x_wconf 73' lang='grc'>...80-</span> 
     </span>
    </p>
   </div>
   <div class='ocr_carea' id='block_1_2' title="bbox 536 402 2837 3941">
    <p class='ocr_par' dir='ltr' id='par_1_2' title="bbox 588 402 2837 573">
     <span class='ocr_line' id='line_1_2' title="bbox 592 402 2837 486; baseline 0.004 -26"><span class='ocrx_word' id='word_1_2' title='bbox 592 402 699 461; x_wconf 85' lang='lat' dir='ltr'><strong>sed</strong></span> <span class='ocrx_word' id='word_1_3' title='bbox 746 422 877 461; x_wconf 83' lang='lat' dir='ltr'><strong>cum</strong></span> <span class='ocrx_word' id='word_1_4' title='bbox 926 404 1083 463; x_wconf 88' lang='lat' dir='ltr'><strong>infra</strong></span> <span class='ocrx_word' id='word_1_5' title='bbox 1128 406 1201 463; x_wconf 85' lang='lat' dir='ltr'><strong>de</strong></span> <span class='ocrx_word' id='word_1_6' title='bbox 1250 404 1573 465; x_wconf 78' lang='lat' dir='ltr'><strong>Columbae</strong></span> <span class='ocrx_word' id='word_1_7' title='bbox 1605 407 2004 468; x_wconf 82' lang='lat' dir='ltr'><strong>Luxoviensis</strong></span> <span class='ocrx_word' id='word_1_8' title='bbox 2035 408 2337 467; x_wconf 80' lang='lat' dir='ltr'><strong>monachis</strong></span> <span class='ocrx_word' id='word_1_9' title='bbox 2365 409 2538 486; x_wconf 87' lang='lat' dir='ltr'><strong>plura</strong></span> <span class='ocrx_word' id='word_1_10' title='bbox 2569 408 2837 469; x_wconf 83' lang='lat' dir='ltr'><strong>dicturus</strong></span> 
     </span>
     <span class='ocr_line' id='line_1_3' title="bbox 588 491 2060 573; baseline 0.003 -25"><span class='ocrx_word' id='word_1_11' title='bbox 588 491 715 563; x_wconf 81' lang='lat' dir='ltr'><strong>sim,</strong></span> <span class='ocrx_word' id='word_1_12' title='bbox 762 491 873 551; x_wconf 85' lang='lat' dir='ltr'><strong>hoe</strong></span> <span class='ocrx_word' id='word_1_13' title='bbox 916 494 1047 553; x_wconf 87' lang='lat' dir='ltr'><strong>loeo</strong></span> <span class='ocrx_word' id='word_1_14' title='bbox 1096 514 1275 571; x_wconf 88' lang='lat' dir='ltr'><strong>quam</strong></span> <span class='ocrx_word' id='word_1_15' title='bbox 1320 496 1524 573; x_wconf 86' lang='lat' dir='ltr'><strong>paucis</strong></span> <span class='ocrx_word' id='word_1_16' title='bbox 1569 516 1696 554; x_wconf 89' lang='lat' dir='ltr'><strong>rem</strong></span> <span class='ocrx_word' id='word_1_17' title='bbox 1741 497 2060 556; x_wconf 74' lang='lat' dir='ltr'><strong>absolvam.</strong></span> 
     </span>
    </p>

    <p class='ocr_par' dir='ltr' id='par_1_3' title="bbox 536 580 2835 3941">
     <span class='ocr_line' id='line_1_4' title="bbox 764 580 2834 663; baseline 0.003 -24"><span class='ocrx_word' id='word_1_18' title='bbox 764 580 862 639; x_wconf 84' lang='lat' dir='ltr'><strong>Ae</strong></span> <span class='ocrx_word' id='word_1_19' title='bbox 919 582 1177 660; x_wconf 87' lang='lat' dir='ltr'><strong>primum</strong></span> <span class='ocrx_word' id='word_1_20' title='bbox 1220 582 1682 662; x_wconf 78' lang='lat' dir='ltr'><strong>vituperandum</strong></span> <span class='ocrx_word' id='word_1_21' title='bbox 1743 592 1860 657; x_wconf 87' lang='lat' dir='ltr'><strong>est,</strong></span> <span class='ocrx_word' id='word_1_22' title='bbox 1922 586 2081 661; x_wconf 88' lang='lat' dir='ltr'><strong>quod</strong></span> <span class='ocrx_word' id='word_1_23' title='bbox 2139 584 2464 645; x_wconf 82' lang='lat' dir='ltr'><strong>Ebrardus·</strong></span> <span class='ocrx_word' id='word_1_24' title='bbox 2509 604 2583 644; x_wconf 83' lang='lat' dir='ltr'><strong>ex</strong></span> <span class='ocrx_word' id='word_1_25' title='bbox 2644 586 2834 663; x_wconf 85' lang='lat' dir='ltr'><strong>ipsius</strong></span> 
     </span>
     <span class='ocr_line' id='line_1_5' title="bbox 586 670 2835 751; baseline 0.001 -20"><span class='ocrx_word' id='word_1_26' title='bbox 586 670 789 731; x_wconf 85' lang='lat' dir='ltr'><strong>Bedae</strong></span> <span class='ocrx_word' id='word_1_27' title='bbox 835 672 1035 731; x_wconf 85' lang='lat' dir='ltr'><strong>verbis</strong></span> <span class='ocrx_word' id='word_1_28' title='bbox 1088 690 1255 731; x_wconf 85' lang='lat' dir='ltr'><strong>suam</strong></span> <span class='ocrx_word' id='word_1_29' title='bbox 1310 679 1666 748; x_wconf 79' lang='lat' dir='ltr'><strong>extorquere</strong></span> <span class='ocrx_word' id='word_1_30' title='bbox 1723 680 1972 733; x_wconf 81' lang='lat' dir='ltr'><strong>conatus</strong></span> <span class='ocrx_word' id='word_1_31' title='bbox 2035 680 2128 733; x_wconf 86' lang='lat' dir='ltr'><strong>est</strong></span> <span class='ocrx_word' id='word_1_32' title='bbox 2176 673 2529 751; x_wconf 76' lang='lat' dir='ltr'><strong>opinionem.</strong></span> <span class='ocrx_word' id='word_1_33' title='bbox 2619 674 2835 733; x_wconf 86' lang='lat' dir='ltr'><strong>Risum</strong></span> 
     </span>
     <span class='ocr_line' id='line_1_6' title="bbox 586 760 2834 839; baseline 0.002 -20"><span class='ocrx_word' id='word_1_34' title='bbox 586 768 803 837; x_wconf 78' lang='lat' dir='ltr'><strong>movet,</strong></span> <span class='ocrx_word' id='word_1_35' title='bbox 848 761 901 819; x_wconf 85' lang='lat' dir='ltr'><strong>si</strong></span> <span class='ocrx_word' id='word_1_36' title='bbox 946 779 1019 818; x_wconf 83' lang='lat' dir='ltr'><strong>ex</strong></span> <span class='ocrx_word' id='word_1_37' title='bbox 1052 780 1137 833; x_wconf 88' lang='lat' dir='ltr'><strong>eo,</strong></span> <span class='ocrx_word' id='word_1_38' title='bbox 1185 762 1342 835; x_wconf 82' lang='lat' dir='ltr'><strong>quod</strong></span> <span class='ocrx_word' id='word_1_39' title='bbox 1370 760 1540 819; x_wconf 84' lang='lat' dir='ltr'>Beda</span> <span class='ocrx_word' id='word_1_40' title='bbox 1587 762 1944 839; x_wconf 79' lang='lat' dir='ltr'><strong>saepissime,</strong></span> <span class='ocrx_word' id='word_1_41' title='bbox 1993 769 2250 839; x_wconf 86' lang='lat' dir='ltr'><strong>quantae</strong></span> <span class='ocrx_word' id='word_1_42' title='bbox 2295 762 2422 821; x_wconf 84' lang='lat' dir='ltr'><strong>sint</strong></span> <span class='ocrx_word' id='word_1_43' title='bbox 2465 764 2834 839; x_wconf 85' lang='lat' dir='ltr'><strong>singulorum</strong></span> 
     </span>
     <span class='ocr_line' id='line_1_7' title="bbox 587 849 2832 925; baseline 0 -16"><span class='ocrx_word' id='word_1_44' title='bbox 587 849 1077 909; x_wconf 77' lang='lat' dir='ltr'><strong>monasteriorum</strong></span> <span class='ocrx_word' id='word_1_45' title='bbox 1122 850 1538 925; x_wconf 83' lang='lat' dir='ltr'><strong>possessiones,</strong></span> <span class='ocrx_word' id='word_1_46' title='bbox 1587 850 1816 911; x_wconf 83' lang='lat' dir='ltr'><strong>indicat</strong></span> <span class='ocrx_word' id='word_1_47' title='bbox 1857 851 1952 910; x_wconf 72' lang='lat' dir='ltr'><strong>his</strong></span> <span class='ocrx_word' id='word_1_48' title='bbox 1995 852 2118 910; x_wconf 80' lang='lat' dir='ltr'><strong>fere</strong></span> <span class='ocrx_word' id='word_1_49' title='bbox 2146 851 2348 911; x_wconf 80' lang='lat' dir='ltr'><strong>verbis</strong></span> <span class='ocrx_word' id='word_1_50' title='bbox 2378 850 2832 922; x_wconf 76' lang='lat' dir='ltr'><strong>„monasterium</strong></span> 
     </span>
     <span class='ocr_line' id='line_1_8' title="bbox 584 934 2831 1020; baseline 0 -21"><span class='ocrx_word' id='word_1_51' title='bbox 584 938 834 1020; x_wconf 78' lang='lat' dir='ltr'><strong>quinque</strong></span> <span class='ocrx_word' id='word_1_52' title='bbox 892 934 982 995; x_wconf 83' lang='lat' dir='ltr'><strong>vel</strong></span> <span class='ocrx_word' id='word_1_53' title='bbox 1036 936 1235 997; x_wconf 76' lang='lat' dir='ltr'><strong>decem</strong></span> <span class='ocrx_word' id='word_1_54' title='bbox 1288 936 1734 1019; x_wconf 86' lang='lat' dir='ltr'><strong>familiarum“,</strong></span> <span class='ocrx_word' id='word_1_55' title='bbox 1802 940 2024 1016; x_wconf 81' lang='lat' dir='ltr'><strong>coegit,</strong></span> <span class='ocrx_word' id='word_1_56' title='bbox 2093 940 2276 999; x_wconf 79' lang='lat' dir='ltr'><strong>fuisse</strong></span> <span class='ocrx_word' id='word_1_57' title='bbox 2336 940 2398 997; x_wconf 88' lang='lat' dir='ltr'><strong>in</strong></span> <span class='ocrx_word' id='word_1_58' title='bbox 2456 940 2831 1001; x_wconf 86' lang='lat' dir='ltr'><strong>monasteriis</strong></span> 
     </span>
     <span class='ocr_line' id='line_1_9' title="bbox 586 1020 2830 1105; baseline 0.001 -20"><span class='ocrx_word' id='word_1_59' title='bbox 586 1035 787 1105; x_wconf 85' lang='lat' dir='ltr'><strong>patres</strong></span> <span class='ocrx_word' id='word_1_60' title='bbox 836 1032 898 1084; x_wconf 88' lang='lat' dir='ltr'><strong>et</strong></span> <span class='ocrx_word' id='word_1_61' title='bbox 942 1031 1161 1085; x_wconf 84' lang='lat' dir='ltr'><strong>matres</strong></span> <span class='ocrx_word' id='word_1_62' title='bbox 1203 1026 1459 1087; x_wconf 84' lang='lat' dir='ltr'><strong>familias</strong></span> <span class='ocrx_word' id='word_1_63' title='bbox 1506 1048 1826 1105; x_wconf 81' lang='lat' dir='ltr'><strong>eorumque</strong></span> <span class='ocrx_word' id='word_1_64' title='bbox 1856 1020 2072 1089; x_wconf 84' lang='lat' dir='ltr'><strong>liberos</strong></span> <span class='ocrx_word' id='word_1_65' title='bbox 2105 1030 2187 1105; x_wconf 89' lang='lat' dir='ltr'><strong>(p.</strong></span> <span class='ocrx_word' id='word_1_66' title='bbox 2227 1029 2349 1086; x_wconf 79' lang='lat'><strong>190</strong></span> <span class='ocrx_word' id='word_1_67' title='bbox 2383 1032 2556 1105; x_wconf 87' lang='lat' dir='ltr'><strong>sqq.).</strong></span> <span class='ocrx_word' id='word_1_68' title='bbox 2617 1028 2830 1089; x_wconf 86' lang='lat' dir='ltr'><strong>Nonne</strong></span> 
     </span>
     <span class='ocr_line' id='line_1_10' title="bbox 536 1116 2831 1193; baseline 0 -18"><span class='ocrx_word' id='word_1_69' title='bbox 536 1160 541 1165; x_wconf 80' lang='lat'>-</span> <span class='ocrx_word' id='word_1_70' title='bbox 584 1118 713 1175; x_wconf 84' lang='lat' dir='ltr'><strong>luce</strong></span> <span class='ocrx_word' id='word_1_71' title='bbox 760 1116 973 1175; x_wconf 83' lang='lat' dir='ltr'><strong>clarius</strong></span> <span class='ocrx_word' id='word_1_72' title='bbox 1020 1120 1125 1186; x_wconf 83' lang='lat' dir='ltr'><strong>est,</strong></span> <span class='ocrx_word' id='word_1_73' title='bbox 1174 1116 1320 1191; x_wconf 85' lang='lat' dir='ltr'><strong>quid</strong></span> <span class='ocrx_word' id='word_1_74' title='bbox 1366 1117 1481 1175; x_wconf 87' lang='lat' dir='ltr'><strong>sibi</strong></span> <span class='ocrx_word' id='word_1_75' title='bbox 1524 1117 1716 1175; x_wconf 83' lang='lat' dir='ltr'><strong>velint</strong></span> <span class='ocrx_word' id='word_1_76' title='bbox 1759 1117 2048 1193; x_wconf 85' lang='lat' dir='ltr'><strong>ejusmodi</strong></span> <span class='ocrx_word' id='word_1_77' title='bbox 2092 1117 2302 1189; x_wconf 82' lang='lat' dir='ltr'><strong>verba,</strong></span> <span class='ocrx_word' id='word_1_78' title='bbox 2350 1117 2402 1174; x_wconf 85' lang='lat' dir='ltr'><strong>si</strong></span> <span class='ocrx_word' id='word_1_79' title='bbox 2447 1134 2627 1175; x_wconf 88' lang='lat' dir='ltr'><strong>unum</strong></span> <span class='ocrx_word' id='word_1_80' title='bbox 2673 1117 2831 1177; x_wconf 85' lang='lat' dir='ltr'><strong>huno</strong></span> 
     </span>
     <span class='ocr_line' id='line_1_11' title="bbox 582 1203 2826 1285; baseline 0 -21"><span class='ocrx_word' id='word_1_81' title='bbox 582 1205 843 1264; x_wconf 87' lang='lat' dir='ltr'><strong>audieris</strong></span> <span class='ocrx_word' id='word_1_82' title='bbox 890 1205 1084 1263; x_wconf 86' lang='lat' dir='ltr'><strong>locum</strong></span> <span class='ocrx_word' id='word_1_83' title='bbox 1130 1204 1323 1281; x_wconf 84' lang='lat' dir='ltr'><strong>(Beda</strong></span> <span class='ocrx_word' id='word_1_84' title='bbox 1367 1206 1424 1263; x_wconf 88' lang='lat' dir='ltr'><strong>h.</strong></span> <span class='ocrx_word' id='word_1_85' title='bbox 1472 1226 1518 1266; x_wconf 90' lang='lat' dir='ltr'><strong>e.</strong></span> <span class='ocrx_word' id='word_1_86' title='bbox 1573 1206 1629 1277; x_wconf 88' lang='lat'><strong>3,</strong></span> <span class='ocrx_word' id='word_1_87' title='bbox 1666 1206 1766 1278; x_wconf 91' lang='grc'>24,</span> <span class='ocrx_word' id='word_1_88' title='bbox 1813 1207 1850 1283; x_wconf 64' lang='grc' dir='ltr'>ξ</span> <span class='ocrx_word' id='word_1_89' title='bbox 1885 1207 2068 1282; x_wconf 72' lang='grc' dir='ltr'>222)ε</span> <span class='ocrx_word' id='word_1_90' title='bbox 2125 1203 2358 1265; x_wconf 59' lang='lat' dir='ltr'><strong>donatis</strong></span> <span class='ocrx_word' id='word_1_91' title='bbox 2399 1204 2639 1285; x_wconf 47' lang='lat' dir='ltr'><strong>iamper</strong></span> <span class='ocrx_word' id='word_1_92' title='bbox 2682 1204 2826 1265; x_wconf 82' lang='lat' dir='ltr'><strong>duo-</strong></span> 
     </span>
     <span class='ocr_line' id='line_1_12' title="bbox 583 1288 2829 1375; baseline 0 -22"><span class='ocrx_word' id='word_1_93' title='bbox 583 1292 771 1353; x_wconf 79' lang='lat' dir='ltr'><strong>decim</strong></span> <span class='ocrx_word' id='word_1_94' title='bbox 801 1289 1285 1372; x_wconf 67' lang='lat' dir='ltr'><strong>possessiunculis</strong></span> <span class='ocrx_word' id='word_1_95' title='bbox 1312 1302 1608 1353; x_wconf 73' lang='lat' dir='ltr'><strong>ten-arum</strong></span> <span class='ocrx_word' id='word_1_96' title='bbox 1639 1338 1652 1351; x_wconf 93' lang='lat'><strong>.</strong></span> <span class='ocrx_word' id='word_1_97' title='bbox 1677 1337 1692 1351; x_wconf 90' lang='lat'><strong>.</strong></span> <span class='ocrx_word' id='word_1_98' title='bbox 1719 1338 1732 1351; x_wconf 99' lang='lat'><strong>.</strong></span> <span class='ocrx_word' id='word_1_99' title='bbox 1765 1288 2024 1375; x_wconf 69' lang='lat' dir='ltr'><strong>sinqulae</strong></span> <span class='ocrx_word' id='word_1_100' title='bbox 2049 1312 2185 1353; x_wconf 85' lang='lat' dir='ltr'><strong>vero</strong></span> <span class='ocrx_word' id='word_1_101' title='bbox 2219 1292 2602 1373; x_wconf 79' lang='lat' dir='ltr'><strong>possessionis</strong></span> <span class='ocrx_word' id='word_1_102' title='bbox 2632 1292 2829 1354; x_wconf 73' lang='lat' dir='ltr'><strong>decem</strong></span> 
     </span>
     <span class='ocr_line' id='line_1_13' title="bbox 581 1378 2828 1463; baseline -0.001 -21"><span class='ocrx_word' id='word_1_103' title='bbox 581 1382 747 1443; x_wconf 73' lang='lat' dir='ltr'><strong>erant</strong></span> <span class='ocrx_word' id='word_1_104' title='bbox 775 1378 1161 1463; x_wconf 75' lang='lat' dir='ltr'><strong>familiarum</strong></span> <span class='ocrx_word' id='word_1_105' title='bbox 1206 1384 1305 1455; x_wconf 84' lang='lat' dir='ltr'><strong>(ef.</strong></span> <span class='ocrx_word' id='word_1_106' title='bbox 1338 1390 1649 1459; x_wconf 84' lang='lat' dir='ltr'><strong>praeterea</strong></span> <span class='ocrx_word' id='word_1_107' title='bbox 1682 1383 1740 1455; x_wconf 80' lang='lat'><strong>3,</strong></span> <span class='ocrx_word' id='word_1_108' title='bbox 1771 1383 1831 1457; x_wconf 87' lang='lat'><strong>4,</strong></span> <span class='ocrx_word' id='word_1_109' title='bbox 1880 1385 1917 1461; x_wconf 63' lang='grc' dir='ltr'>ξ</span> <span class='ocrx_word' id='word_1_110' title='bbox 1957 1383 2108 1455; x_wconf 83' lang='lat'>159;</span> <span class='ocrx_word' id='word_1_111' title='bbox 2143 1384 2200 1457; x_wconf 85' lang='lat'><strong>4,</strong></span> <span class='ocrx_word' id='word_1_112' title='bbox 2236 1384 2338 1456; x_wconf 85' lang='grc'>23,</span> <span class='ocrx_word' id='word_1_113' title='bbox 2369 1384 2406 1460; x_wconf 63' lang='grc' dir='ltr'>ξ</span> <span class='ocrx_word' id='word_1_114' title='bbox 2439 1380 2597 1454; x_wconf 74' lang='grc' dir='ltr'>323ς</span> <span class='ocrx_word' id='word_1_115' title='bbox 2631 1382 2690 1454; x_wconf 88' lang='lat'><strong>4,</strong></span> <span class='ocrx_word' id='word_1_116' title='bbox 2728 1383 2828 1455; x_wconf 88' lang='lat'><strong>19,</strong></span> 
     </span>
     <span class='ocr_line' id='line_1_14' title="bbox 582 1468 2826 1552; baseline -0 -21"><span class='ocrx_word' id='word_1_117' title='bbox 582 1477 617 1552; x_wconf 65' lang='grc' dir='ltr'>ξ</span> <span class='ocrx_word' id='word_1_118' title='bbox 652 1472 824 1546; x_wconf 86' lang='grc'>314).</span> <span class='ocrx_word' id='word_1_119' title='bbox 848 1470 873 1507; x_wconf 79' lang='lat'><em>²</em></span> <span class='ocrx_word' id='word_1_120' title='bbox 924 1544 931 1550; x_wconf 21' lang='grc' dir='ltr'><em>θ</em></span> <span class='ocrx_word' id='word_1_121' title='bbox 964 1468 1055 1528; x_wconf 87' lang='lat' dir='ltr'><strong>At</strong></span> <span class='ocrx_word' id='word_1_122' title='bbox 1098 1472 1293 1547; x_wconf 85' lang='lat' dir='ltr'><strong>ipsum</strong></span> <span class='ocrx_word' id='word_1_123' title='bbox 1344 1472 1570 1529; x_wconf 86' lang='lat' dir='ltr'><strong>Bedam</strong></span> <span class='ocrx_word' id='word_1_124' title='bbox 1617 1489 1892 1533; x_wconf 83' lang='lat' dir='ltr'><strong>narrasse</strong></span> <span class='ocrx_word' id='word_1_125' title='bbox 1936 1478 2170 1550; x_wconf 85' lang='lat' dir='ltr'><strong>patrem</strong></span> <span class='ocrx_word' id='word_1_126' title='bbox 2217 1471 2509 1548; x_wconf 88' lang='lat' dir='ltr'><strong>quendam</strong></span> <span class='ocrx_word' id='word_1_127' title='bbox 2555 1470 2826 1543; x_wconf 74' lang='lat' dir='ltr'><strong>familiae,</strong></span> 
     </span>
     <span class='ocr_line' id='line_1_15' title="bbox 582 1554 2823 1639; baseline -0.001 -19"><span class='ocrx_word' id='word_1_128' title='bbox 582 1560 883 1621; x_wconf 87' lang='lat' dir='ltr'><strong>Caedmon</strong></span> <span class='ocrx_word' id='word_1_129' title='bbox 944 1566 1208 1639; x_wconf 69' lang='lat' dir='ltr'><strong>poetam,</strong></span> <span class='ocrx_word' id='word_1_130' title='bbox 1270 1578 1405 1618; x_wconf 83' lang='lat' dir='ltr'><strong>cum</strong></span> <span class='ocrx_word' id='word_1_131' title='bbox 1456 1554 1722 1619; x_wconf 80' lang='lat' dir='ltr'><strong>omnibus</strong></span> <span class='ocrx_word' id='word_1_132' title='bbox 1781 1558 1920 1619; x_wconf 65' lang='lat' dir='ltr'><strong>suis</strong></span> <span class='ocrx_word' id='word_1_133' title='bbox 1957 1560 2024 1619; x_wconf 79' lang='lat' dir='ltr'><strong>in</strong></span> <span class='ocrx_word' id='word_1_134' title='bbox 2081 1558 2498 1620; x_wconf 76' lang='lat' dir='ltr'><strong>monasterium</strong></span> <span class='ocrx_word' id='word_1_135' title='bbox 2541 1577 2660 1619; x_wconf 85' lang='lat' dir='ltr'><strong>esse</strong></span> <span class='ocrx_word' id='word_1_136' title='bbox 2701 1578 2823 1618; x_wconf 85' lang='lat' dir='ltr'><strong>sus·</strong></span> 
     </span>
     <span class='ocr_line' id='line_1_16' title="bbox 554 1646 2824 1729; baseline -0.001 -20"><span class='ocrx_word' id='word_1_137' title='bbox 554 1652 808 1729; x_wconf 80' lang='lat' dir='ltr'><strong>&#39;ceptum</strong></span> <span class='ocrx_word' id='word_1_138' title='bbox 836 1649 920 1724; x_wconf 94' lang='lat' dir='ltr'><strong>(h.</strong></span> <span class='ocrx_word' id='word_1_139' title='bbox 951 1670 999 1709; x_wconf 88' lang='lat' dir='ltr'><strong>e.</strong></span> <span class='ocrx_word' id='word_1_140' title='bbox 1032 1650 1091 1720; x_wconf 90' lang='lat'><strong>4,</strong></span> <span class='ocrx_word' id='word_1_141' title='bbox 1126 1648 1227 1721; x_wconf 92' lang='grc'>24,</span> <span class='ocrx_word' id='word_1_142' title='bbox 1262 1648 1297 1724; x_wconf 60' lang='grc' dir='ltr'>ᾖ</span> <span class='ocrx_word' id='word_1_143' title='bbox 1332 1648 1457 1707; x_wconf 82' lang='lat'><strong>331</strong></span> <span class='ocrx_word' id='word_1_144' title='bbox 1494 1652 1653 1725; x_wconf 83' lang='lat' dir='ltr'><strong>sqq.)</strong></span> <span class='ocrx_word' id='word_1_145' title='bbox 1711 1646 2024 1709; x_wconf 81' lang='lat' dir='ltr'><strong>Ebrardus</strong></span> <span class='ocrx_word' id='word_1_146' title='bbox 2063 1655 2156 1708; x_wconf 82' lang='lat' dir='ltr'><strong>est</strong></span> <span class='ocrx_word' id='word_1_147' title='bbox 2199 1649 2372 1707; x_wconf 80' lang='lat' dir='ltr'><strong>testis</strong></span> <span class='ocrx_word' id='word_1_148' title='bbox 2414 1651 2497 1725; x_wconf 92' lang='lat' dir='ltr'><strong>(p.</strong></span> <span class='ocrx_word' id='word_1_149' title='bbox 2538 1649 2660 1706; x_wconf 81' lang='grc'>192</span> <span class='ocrx_word' id='word_1_150' title='bbox 2693 1652 2824 1725; x_wconf 86' lang='lat' dir='ltr'><strong>sq.).</strong></span> 
     </span>
     <span class='ocr_line' id='line_1_17' title="bbox 581 1737 2826 1815; baseline -0.001 -18"><span class='ocrx_word' id='word_1_151' title='bbox 581 1737 775 1815; x_wconf 80' lang='lat' dir='ltr'><strong>Atqui</strong></span> <span class='ocrx_word' id='word_1_152' title='bbox 821 1738 1167 1797; x_wconf 85' lang='lat' dir='ltr'><strong>levissimus.</strong></span> <span class='ocrx_word' id='word_1_153' title='bbox 1257 1737 1410 1797; x_wconf 84' lang='lat' dir='ltr'><strong>Nam</strong></span> <span class='ocrx_word' id='word_1_154' title='bbox 1457 1743 1632 1797; x_wconf 85' lang='lat' dir='ltr'><strong>tanta</strong></span> <span class='ocrx_word' id='word_1_155' title='bbox 1677 1738 1923 1797; x_wconf 79' lang='lat' dir='ltr'><strong>levitate</strong></span> <span class='ocrx_word' id='word_1_156' title='bbox 1981 1757 2122 1797; x_wconf 86' lang='lat' dir='ltr'><strong>usus</strong></span> <span class='ocrx_word' id='word_1_157' title='bbox 2183 1745 2276 1797; x_wconf 84' lang='lat' dir='ltr'><strong>est</strong></span> <span class='ocrx_word' id='word_1_158' title='bbox 2334 1737 2398 1795; x_wconf 91' lang='lat' dir='ltr'><strong>in</strong></span> <span class='ocrx_word' id='word_1_159' title='bbox 2457 1737 2826 1815; x_wconf 77' lang='lat' dir='ltr'><strong>explicandis</strong></span> 
     </span>
     <span class='ocr_line' id='line_1_18' title="bbox 579 1825 2827 1904; baseline -0 -19"><span class='ocrx_word' id='word_1_160' title='bbox 579 1826 781 1885; x_wconf 82' lang='lat' dir='ltr'><strong>Bedae</strong></span> <span class='ocrx_word' id='word_1_161' title='bbox 812 1827 1025 1898; x_wconf 79' lang='lat' dir='ltr'><strong>verbis,</strong></span> <span class='ocrx_word' id='word_1_162' title='bbox 1058 1828 1136 1885; x_wconf 89' lang='lat' dir='ltr'><strong>ad</strong></span> <span class='ocrx_word' id='word_1_163' title='bbox 1167 1846 1319 1902; x_wconf 85' lang='lat' dir='ltr'><strong>quae</strong></span> <span class='ocrx_word' id='word_1_164' title='bbox 1350 1826 1694 1904; x_wconf 86' lang='lat' dir='ltr'><strong>saepissime</strong></span> <span class='ocrx_word' id='word_1_165' title='bbox 1739 1832 2028 1904; x_wconf 76' lang='lat' dir='ltr'><strong>provocat</strong></span> <span class='ocrx_word' id='word_1_166' title='bbox 2057 1826 2135 1885; x_wconf 79' lang='lat' dir='ltr'><strong>ad</strong></span> <span class='ocrx_word' id='word_1_167' title='bbox 2165 1826 2599 1885; x_wconf 82' lang='lat' dir='ltr'><strong>confirmandas</strong></span> <span class='ocrx_word' id='word_1_168' title='bbox 2627 1825 2827 1884; x_wconf 84' lang='lat' dir='ltr'><strong>varias</strong></span> 
     </span>
     <span class='ocr_line' id='line_1_19' title="bbox 578 1912 2825 1994; baseline -0.001 -21"><span class='ocrx_word' id='word_1_169' title='bbox 578 1936 673 1975; x_wconf 83' lang='lat' dir='ltr'><strong>res</strong></span> <span class='ocrx_word' id='word_1_170' title='bbox 718 1916 1017 1974; x_wconf 86' lang='lat' dir='ltr'><strong>mirabiles</strong></span> <span class='ocrx_word' id='word_1_171' title='bbox 1056 1918 1140 1994; x_wconf 90' lang='lat' dir='ltr'><strong>(p.</strong></span> <span class='ocrx_word' id='word_1_172' title='bbox 1175 1916 1277 1973; x_wconf 85' lang='lat'><strong>86.</strong></span> <span class='ocrx_word' id='word_1_173' title='bbox 1318 1916 1439 1973; x_wconf 86' lang='grc'>192</span> <span class='ocrx_word' id='word_1_174' title='bbox 1472 1934 1559 1991; x_wconf 82' lang='lat' dir='ltr'><strong>sq.</strong></span> <span class='ocrx_word' id='word_1_175' title='bbox 1596 1916 1743 1974; x_wconf 83' lang='lat'><strong>200.</strong></span> <span class='ocrx_word' id='word_1_176' title='bbox 1779 1916 1922 1973; x_wconf 68' lang='lat'><strong>201.</strong></span> <span class='ocrx_word' id='word_1_177' title='bbox 1957 1912 2104 1975; x_wconf 82' lang='lat'><strong>203.</strong></span> <span class='ocrx_word' id='word_1_178' title='bbox 2141 1916 2285 1974; x_wconf 88' lang='grc'>204.</span> <span class='ocrx_word' id='word_1_179' title='bbox 2321 1915 2494 1989; x_wconf 89' lang='grc'>224),</span> <span class='ocrx_word' id='word_1_180' title='bbox 2539 1918 2608 1973; x_wconf 81' lang='lat' dir='ltr'><strong>ut</strong></span> <span class='ocrx_word' id='word_1_181' title='bbox 2651 1912 2825 1989; x_wconf 85' lang='lat' dir='ltr'><strong>plura</strong></span> 
     </span>
     <span class='ocr_line' id='line_1_20' title="bbox 580 2003 2825 2081; baseline -0.001 -19"><span class='ocrx_word' id='word_1_182' title='bbox 580 2004 819 2081; x_wconf 82' lang='lat' dir='ltr'><strong>integra</strong></span> <span class='ocrx_word' id='word_1_183' title='bbox 862 2004 1006 2063; x_wconf 87' lang='lat' dir='ltr'><strong>folia</strong></span> <span class='ocrx_word' id='word_1_184' title='bbox 1054 2004 1126 2062; x_wconf 88' lang='lat' dir='ltr'><strong>de</strong></span> <span class='ocrx_word' id='word_1_185' title='bbox 1172 2004 1285 2062; x_wconf 84' lang='lat' dir='ltr'><strong>hae</strong></span> <span class='ocrx_word' id='word_1_186' title='bbox 1330 2024 1395 2062; x_wconf 89' lang='lat' dir='ltr'><strong>re</strong></span> <span class='ocrx_word' id='word_1_187' title='bbox 1442 2003 1810 2063; x_wconf 72' lang='lat' dir='ltr'><strong>conscribere</strong></span> <span class='ocrx_word' id='word_1_188' title='bbox 1854 2005 2090 2080; x_wconf 83' lang='lat' dir='ltr'><strong>possim.</strong></span> <span class='ocrx_word' id='word_1_189' title='bbox 2169 2003 2288 2063; x_wconf 78' lang='lat' dir='ltr'><strong>Sed</strong></span> <span class='ocrx_word' id='word_1_190' title='bbox 2332 2004 2482 2063; x_wconf 79' lang='lat' dir='ltr'><strong>satis</strong></span> <span class='ocrx_word' id='word_1_191' title='bbox 2528 2008 2620 2063; x_wconf 85' lang='lat' dir='ltr'><strong>est</strong></span> <span class='ocrx_word' id='word_1_192' title='bbox 2665 2022 2825 2060; x_wconf 86' lang='lat' dir='ltr'><strong>com-</strong></span> 
     </span>
     <span class='ocr_line' id='line_1_21' title="bbox 578 2090 2824 2171; baseline -0.001 -21"><span class='ocrx_word' id='word_1_193' title='bbox 578 2111 933 2153; x_wconf 85' lang='lat' dir='ltr'><strong>memorasse</strong></span> <span class='ocrx_word' id='word_1_194' title='bbox 967 2092 1285 2165; x_wconf 86' lang='lat' dir='ltr'><strong>Caedmon,</strong></span> <span class='ocrx_word' id='word_1_195' title='bbox 1332 2101 1622 2168; x_wconf 85' lang='lat' dir='ltr'><strong>quantum</strong></span> <span class='ocrx_word' id='word_1_196' title='bbox 1653 2090 1823 2150; x_wconf 86' lang='lat' dir='ltr'><strong>Beda</strong></span> <span class='ocrx_word' id='word_1_197' title='bbox 1855 2098 2077 2164; x_wconf 83' lang='lat' dir='ltr'><strong>narrat,</strong></span> <span class='ocrx_word' id='word_1_198' title='bbox 2123 2100 2358 2171; x_wconf 77' lang='lat' dir='ltr'><strong>patrem</strong></span> <span class='ocrx_word' id='word_1_199' title='bbox 2403 2092 2660 2150; x_wconf 76' lang='lat' dir='ltr'><strong>familias</strong></span> <span class='ocrx_word' id='word_1_200' title='bbox 2703 2110 2824 2149; x_wconf 87' lang='lat' dir='ltr'><strong>non</strong></span> 
     </span>
     <span class='ocr_line' id='line_1_22' title="bbox 578 2180 2823 2257; baseline -0.002 -16"><span class='ocrx_word' id='word_1_201' title='bbox 578 2181 759 2241; x_wconf 82' lang='lat' dir='ltr'><strong>fuisse</strong></span> <span class='ocrx_word' id='word_1_202' title='bbox 818 2200 1011 2257; x_wconf 87' lang='lat' dir='ltr'><strong>neque</strong></span> <span class='ocrx_word' id='word_1_203' title='bbox 1071 2200 1207 2240; x_wconf 85' lang='lat' dir='ltr'><strong>suos</strong></span> <span class='ocrx_word' id='word_1_204' title='bbox 1274 2200 1469 2239; x_wconf 85' lang='lat' dir='ltr'><strong>seeum</strong></span> <span class='ocrx_word' id='word_1_205' title='bbox 1528 2180 1768 2239; x_wconf 84' lang='lat' dir='ltr'><strong>duxisse</strong></span> <span class='ocrx_word' id='word_1_206' title='bbox 1836 2181 1899 2238; x_wconf 87' lang='lat' dir='ltr'><strong>in</strong></span> <span class='ocrx_word' id='word_1_207' title='bbox 1974 2180 2393 2240; x_wconf 80' lang='lat' dir='ltr'><strong>monasterium</strong></span> <span class='ocrx_word' id='word_1_208' title='bbox 2457 2180 2563 2240; x_wconf 82' lang='lat' dir='ltr'><strong>sed</strong></span> <span class='ocrx_word' id='word_1_209' title='bbox 2621 2197 2823 2239; x_wconf 82' lang='lat' dir='ltr'><strong>secum</strong></span> 
     </span>
     <span class='ocr_line' id='line_1_23' title="bbox 578 2266 2822 2348; baseline -0.001 -20"><span class='ocrx_word' id='word_1_210' title='bbox 578 2275 849 2348; x_wconf 83' lang='lat' dir='ltr'><strong>portasse</strong></span> <span class='ocrx_word' id='word_1_211' title='bbox 894 2269 1091 2327; x_wconf 90' lang='lat' dir='ltr'><strong>omnia</strong></span> <span class='ocrx_word' id='word_1_212' title='bbox 1138 2289 1243 2327; x_wconf 86' lang='lat' dir='ltr'><strong>sua</strong></span> <span class='ocrx_word' id='word_1_213' title='bbox 1291 2271 1387 2345; x_wconf 85' lang='lat' dir='ltr'><strong>(cf.</strong></span> <span class='ocrx_word' id='word_1_214' title='bbox 1418 2269 1610 2328; x_wconf 82' lang='lat' dir='ltr'><strong>Jonas</strong></span> <span class='ocrx_word' id='word_1_215' title='bbox 1655 2268 1761 2328; x_wconf 84' lang='lat' dir='ltr'><strong>vit.</strong></span> <span class='ocrx_word' id='word_1_216' title='bbox 1792 2266 2058 2329; x_wconf 84' lang='lat' dir='ltr'><strong>Eustasii</strong></span> <span class='ocrx_word' id='word_1_217' title='bbox 2093 2272 2129 2327; x_wconf 89' lang='lat'>6</span> <span class='ocrx_word' id='word_1_218' title='bbox 2178 2270 2334 2329; x_wconf 77' lang='lat' dir='ltr'><strong>Mab.</strong></span> <span class='ocrx_word' id='word_1_219' title='bbox 2369 2268 2454 2342; x_wconf 90' lang='grc' dir='ltr'><strong>ΙΙ,</strong></span> <span class='ocrx_word' id='word_1_220' title='bbox 2502 2288 2638 2327; x_wconf 87' lang='lat' dir='ltr'><strong>ann.</strong></span> <span class='ocrx_word' id='word_1_221' title='bbox 2673 2268 2822 2340; x_wconf 88' lang='grc'>625,</span> 
     </span>
     <span class='ocr_line' id='line_1_24' title="bbox 576 2353 2820 2439; baseline -0.001 -23"><span class='ocrx_word' id='word_1_222' title='bbox 576 2381 635 2437; x_wconf 86' lang='lat' dir='ltr'><strong>p.</strong></span> <span class='ocrx_word' id='word_1_223' title='bbox 667 2359 819 2416; x_wconf 85' lang='lat'>118:</span> <span class='ocrx_word' id='word_1_224' title='bbox 867 2354 1171 2439; x_wconf 70' lang='lat' dir='ltr'><strong>Ayrestius</strong></span> <span class='ocrx_word' id='word_1_225' title='bbox 1203 2401 1216 2415; x_wconf 92' lang='lat'><strong>.</strong></span> <span class='ocrx_word' id='word_1_226' title='bbox 1250 2400 1263 2415; x_wconf 90' lang='lat'><strong>.</strong></span> <span class='ocrx_word' id='word_1_227' title='bbox 1298 2402 1311 2415; x_wconf 91' lang='lat'><strong>.</strong></span> <span class='ocrx_word' id='word_1_228' title='bbox 1343 2356 1428 2416; x_wconf 81' lang='lat' dir='ltr'><strong>ad</strong></span> <span class='ocrx_word' id='word_1_229' title='bbox 1470 2353 1816 2417; x_wconf 73' lang='lat' dir='ltr'><strong>Luxovium</strong></span> <span class='ocrx_word' id='word_1_230' title='bbox 1859 2357 2086 2418; x_wconf 81' lang='lat' dir='ltr'><strong>veniens</strong></span> <span class='ocrx_word' id='word_1_231' title='bbox 2129 2376 2190 2418; x_wconf 87' lang='lat' dir='ltr'><strong>se</strong></span> <span class='ocrx_word' id='word_1_232' title='bbox 2233 2367 2287 2418; x_wconf 79' lang='lat' dir='ltr'><strong>et</strong></span> <span class='ocrx_word' id='word_1_233' title='bbox 2331 2356 2530 2417; x_wconf 69' lang='lat' dir='ltr'><strong>omma</strong></span> <span class='ocrx_word' id='word_1_234' title='bbox 2573 2375 2682 2415; x_wconf 88' lang='lat' dir='ltr'><strong>sua</strong></span> <span class='ocrx_word' id='word_1_235' title='bbox 2722 2374 2820 2415; x_wconf 84' lang='lat' dir='ltr'><strong>su-</strong></span> 
     </span>
     <span class='ocr_line' id='line_1_25' title="bbox 564 2444 2825 2529; baseline -0.001 -23"><span class='ocrx_word' id='word_1_236' title='bbox 564 2446 848 2528; x_wconf 77' lang='lat' dir='ltr'><strong>pradicto</strong></span> <span class='ocrx_word' id='word_1_237' title='bbox 883 2445 1055 2529; x_wconf 73' lang='lat' dir='ltr'><strong>patri</strong></span> <span class='ocrx_word' id='word_1_238' title='bbox 1096 2444 1469 2523; x_wconf 76' lang='lat' dir='ltr'><strong>tradiderat),</strong></span> <span class='ocrx_word' id='word_1_239' title='bbox 1534 2446 1938 2507; x_wconf 75' lang='lat' dir='ltr'><strong>Consimiliter</strong></span> <span class='ocrx_word' id='word_1_240' title='bbox 1967 2449 2186 2507; x_wconf 86' lang='lat' dir='ltr'><strong>abusus</strong></span> <span class='ocrx_word' id='word_1_241' title='bbox 2225 2453 2318 2507; x_wconf 83' lang='lat' dir='ltr'><strong>est</strong></span> <span class='ocrx_word' id='word_1_242' title='bbox 2347 2445 2658 2506; x_wconf 84' lang='lat' dir='ltr'><strong>Ebrardus</strong></span> <span class='ocrx_word' id='word_1_243' title='bbox 2703 2445 2825 2505; x_wconf 88' lang='lat' dir='ltr'><strong>alia</strong></span> 
     </span>
     <span class='ocr_line' id='line_1_26' title="bbox 576 2535 2818 2614; baseline -0.002 -18"><span class='ocrx_word' id='word_1_244' title='bbox 576 2539 781 2596; x_wconf 85' lang='lat' dir='ltr'><strong>Bedae</strong></span> <span class='ocrx_word' id='word_1_245' title='bbox 812 2536 1255 2596; x_wconf 80' lang='lat' dir='ltr'><strong>narratiuncula</strong></span> <span class='ocrx_word' id='word_1_246' title='bbox 1278 2537 1359 2611; x_wconf 92' lang='lat' dir='ltr'><strong>(h.</strong></span> <span class='ocrx_word' id='word_1_247' title='bbox 1385 2557 1433 2594; x_wconf 89' lang='lat' dir='ltr'><strong>e.</strong></span> <span class='ocrx_word' id='word_1_248' title='bbox 1453 2537 1510 2608; x_wconf 86' lang='lat'><strong>4,</strong></span> <span class='ocrx_word' id='word_1_249' title='bbox 1531 2536 1632 2608; x_wconf 88' lang='grc'><strong>25,</strong></span> <span class='ocrx_word' id='word_1_250' title='bbox 1658 2537 1838 2614; x_wconf 67' lang='lat'><strong>§335</strong></span> <span class='ocrx_word' id='word_1_251' title='bbox 1857 2539 2030 2613; x_wconf 62' lang='lat' dir='ltr'><strong>sqq),</strong></span> <span class='ocrx_word' id='word_1_252' title='bbox 2066 2556 2242 2613; x_wconf 85' lang='lat' dir='ltr'><strong>quam</strong></span> <span class='ocrx_word' id='word_1_253' title='bbox 2273 2570 2348 2580; x_wconf 91' lang='lat'><strong>—-</strong></span> <span class='ocrx_word' id='word_1_254' title='bbox 2374 2535 2574 2596; x_wconf 50' lang='lat' dir='ltr'><strong>’neseio</strong></span> <span class='ocrx_word' id='word_1_255' title='bbox 2605 2555 2712 2594; x_wconf 84' lang='lat' dir='ltr'><strong>cur</strong></span> <span class='ocrx_word' id='word_1_256' title='bbox 2741 2569 2818 2578; x_wconf 87' lang='lat'><strong>--</strong></span> 
     </span>
     <span class='ocr_line' id='line_1_27' title="bbox 577 2623 2824 2702; baseline -0 -18"><span class='ocrx_word' id='word_1_257' title='bbox 577 2627 789 2684; x_wconf 88' lang='lat' dir='ltr'><strong>maluit</strong></span> <span class='ocrx_word' id='word_1_258' title='bbox 832 2632 1105 2702; x_wconf 83' lang='lat' dir='ltr'><strong>repetere</strong></span> <span class='ocrx_word' id='word_1_259' title='bbox 1148 2645 1221 2683; x_wconf 81' lang='lat' dir='ltr'><strong>ex</strong></span> <span class='ocrx_word' id='word_1_260' title='bbox 1266 2626 1395 2685; x_wconf 86' lang='lat' dir='ltr'><strong>vita</strong></span> <span class='ocrx_word' id='word_1_261' title='bbox 1441 2624 1500 2683; x_wconf 84' lang='lat' dir='ltr'><strong>S.</strong></span> <span class='ocrx_word' id='word_1_262' title='bbox 1546 2624 1968 2700; x_wconf 83' lang='lat' dir='ltr'><strong>Aediltrydae,</strong></span> <span class='ocrx_word' id='word_1_263' title='bbox 2031 2645 2208 2702; x_wconf 84' lang='lat' dir='ltr'><strong>quam</strong></span> <span class='ocrx_word' id='word_1_264' title='bbox 2257 2623 2516 2684; x_wconf 78' lang='lat' dir='ltr'><strong>Thomas</strong></span> <span class='ocrx_word' id='word_1_265' title='bbox 2561 2623 2824 2683; x_wconf 80' lang='lat' dir='ltr'><strong>Eliensis</strong></span> 
     </span>
     <span class='ocr_line' id='line_1_28' title="bbox 575 2713 2822 2792; baseline -0.002 -18"><span class='ocrx_word' id='word_1_266' title='bbox 575 2717 809 2774; x_wconf 85' lang='lat' dir='ltr'><strong>saeeulo</strong></span> <span class='ocrx_word' id='word_1_267' title='bbox 842 2715 1185 2772; x_wconf 84' lang='lat' dir='ltr'><strong>duodecimo</strong></span> <span class='ocrx_word' id='word_1_268' title='bbox 1218 2714 1572 2791; x_wconf 85' lang='lat' dir='ltr'><strong>conscripsit</strong></span> <span class='ocrx_word' id='word_1_269' title='bbox 1596 2714 1778 2790; x_wconf 82' lang='lat' dir='ltr'><strong>(Mab.</strong></span> <span class='ocrx_word' id='word_1_270' title='bbox 1794 2713 1935 2772; x_wconf 79' lang='lat' dir='ltr'><strong>Aet.</strong></span> <span class='ocrx_word' id='word_1_271' title='bbox 1960 2713 2046 2785; x_wconf 94' lang='grc' dir='ltr'><strong>ΙΙ,</strong></span> <span class='ocrx_word' id='word_1_272' title='bbox 2071 2734 2208 2772; x_wconf 84' lang='lat' dir='ltr'><strong>ann.</strong></span> <span class='ocrx_word' id='word_1_273' title='bbox 2233 2716 2381 2786; x_wconf 89' lang='grc'>679,</span> <span class='ocrx_word' id='word_1_274' title='bbox 2411 2735 2470 2792; x_wconf 85' lang='lat' dir='ltr'><strong>p.</strong></span> <span class='ocrx_word' id='word_1_275' title='bbox 2490 2714 2616 2771; x_wconf 82' lang='lat'><strong>739</strong></span> <span class='ocrx_word' id='word_1_276' title='bbox 2641 2715 2822 2790; x_wconf 83' lang='lat' dir='ltr'><strong>sqq.).</strong></span> 
     </span>
     <span class='ocr_line' id='line_1_29' title="bbox 574 2801 2822 2879; baseline -0.002 -17"><span class='ocrx_word' id='word_1_277' title='bbox 574 2804 798 2862; x_wconf 80' lang='lat' dir='ltr'><strong>Narrat</strong></span> <span class='ocrx_word' id='word_1_278' title='bbox 838 2803 993 2861; x_wconf 88' lang='lat' dir='ltr'><strong>enim</strong></span> <span class='ocrx_word' id='word_1_279' title='bbox 1024 2802 1209 2875; x_wconf 83' lang='lat' dir='ltr'><strong>Beda,</strong></span> <span class='ocrx_word' id='word_1_280' title='bbox 1256 2801 1676 2862; x_wconf 86' lang='lat' dir='ltr'><strong>monasterium</strong></span> <span class='ocrx_word' id='word_1_281' title='bbox 1711 2803 1870 2879; x_wconf 87' lang='lat' dir='ltr'><strong>quod</strong></span> <span class='ocrx_word' id='word_1_282' title='bbox 1901 2801 2152 2876; x_wconf 81' lang='lat' dir='ltr'><strong>„coludi</strong></span> <span class='ocrx_word' id='word_1_283' title='bbox 2187 2804 2368 2862; x_wconf 80' lang='lat' dir='ltr'><strong>urbs“</strong></span> <span class='ocrx_word' id='word_1_284' title='bbox 2397 2801 2822 2862; x_wconf 80' lang='lat' dir='ltr'><strong>nominabatur</strong></span> 
     </span>
     <span class='ocr_line' id='line_1_30' title="bbox 574 2891 2818 2968; baseline -0.001 -18"><span class='ocrx_word' id='word_1_285' title='bbox 574 2911 731 2950; x_wconf 88' lang='lat' dir='ltr'><strong>anno</strong></span> <span class='ocrx_word' id='word_1_286' title='bbox 780 2893 907 2949; x_wconf 88' lang='grc'><strong>679</strong></span> <span class='ocrx_word' id='word_1_287' title='bbox 950 2891 1206 2949; x_wconf 85' lang='lat' dir='ltr'><strong>flammis</strong></span> <span class='ocrx_word' id='word_1_288' title='bbox 1252 2897 1622 2968; x_wconf 86' lang='lat' dir='ltr'><strong>assumptum</strong></span> <span class='ocrx_word' id='word_1_289' title='bbox 1669 2911 1795 2950; x_wconf 85' lang='lat' dir='ltr'><strong>esse</strong></span> <span class='ocrx_word' id='word_1_290' title='bbox 1841 2891 2020 2966; x_wconf 89' lang='lat' dir='ltr'><strong>idque</strong></span> <span class='ocrx_word' id='word_1_291' title='bbox 2065 2911 2183 2950; x_wconf 90' lang='lat' dir='ltr'><strong>non</strong></span> <span class='ocrx_word' id='word_1_292' title='bbox 2231 2891 2356 2950; x_wconf 86' lang='lat' dir='ltr'><strong>sine</strong></span> <span class='ocrx_word' id='word_1_293' title='bbox 2407 2895 2573 2967; x_wconf 83' lang='lat' dir='ltr'><strong>justa</strong></span> <span class='ocrx_word' id='word_1_294' title='bbox 2619 2909 2818 2950; x_wconf 71' lang='lat' dir='ltr'><strong>causa.</strong></span> 
     </span>
     <span class='ocr_line' id='line_1_31' title="bbox 574 2975 2817 3062; baseline -0.001 -23"><span class='ocrx_word' id='word_1_295' title='bbox 574 2975 744 3039; x_wconf 87' lang='lat' dir='ltr'><strong>Nam</strong></span> <span class='ocrx_word' id='word_1_296' title='bbox 775 2999 971 3039; x_wconf 84' lang='lat' dir='ltr'><strong>omnes</strong></span> <span class='ocrx_word' id='word_1_297' title='bbox 1007 2999 1258 3062; x_wconf 85' lang='lat' dir='ltr'><strong>prorsus</strong></span> <span class='ocrx_word' id='word_1_298' title='bbox 1302 2979 1651 3038; x_wconf 83' lang='lat' dir='ltr'><strong>monasterii</strong></span> <span class='ocrx_word' id='word_1_299' title='bbox 1680 2981 1842 3038; x_wconf 81' lang='lat' dir='ltr'><strong>illius</strong></span> <span class='ocrx_word' id='word_1_300' title='bbox 1881 2988 1934 3038; x_wconf 78' lang='lat' dir='ltr'><strong>et</strong></span> <span class='ocrx_word' id='word_1_301' title='bbox 1961 2977 2078 3038; x_wconf 81' lang='lat' dir='ltr'><strong>viri</strong></span> <span class='ocrx_word' id='word_1_302' title='bbox 2105 2988 2158 3038; x_wconf 81' lang='lat' dir='ltr'><strong>et</strong></span> <span class='ocrx_word' id='word_1_303' title='bbox 2185 2978 2452 3061; x_wconf 78' lang='lat' dir='ltr'><strong>feminae</strong></span> <span class='ocrx_word' id='word_1_304' title='bbox 2479 2988 2585 3038; x_wconf 64' lang='lat' dir='ltr'><strong>azot</strong></span> <span class='ocrx_word' id='word_1_305' title='bbox 2609 2997 2817 3038; x_wconf 78' lang='lat' dir='ltr'><strong>somno</strong></span> 
     </span>
     <span class='ocr_line' id='line_1_32' title="bbox 568 3063 2814 3148; baseline -0.001 -20"><span class='ocrx_word' id='word_1_306' title='bbox 568 3067 871 3148; x_wconf 68' lang='lat' dir='ltr'><strong>torpebant</strong></span> <span class='ocrx_word' id='word_1_307' title='bbox 914 3067 1088 3128; x_wconf 78' lang='lat' dir='ltr'><strong>inerti</strong></span> <span class='ocrx_word' id='word_1_308' title='bbox 1126 3077 1229 3127; x_wconf 77' lang='lat' dir='ltr'><strong>aut</strong></span> <span class='ocrx_word' id='word_1_309' title='bbox 1274 3067 1357 3128; x_wconf 80' lang='lat' dir='ltr'><strong>ad</strong></span> <span class='ocrx_word' id='word_1_310' title='bbox 1391 3077 1636 3148; x_wconf 71' lang='lat' dir='ltr'><strong>peccata</strong></span> <span class='ocrx_word' id='word_1_311' title='bbox 1679 3066 2012 3148; x_wconf 68' lang='lat' dir='ltr'><strong>viqilabant.</strong></span> <span class='ocrx_word' id='word_1_312' title='bbox 2095 3063 2264 3127; x_wconf 87' lang='lat' dir='ltr'><strong>Nam</strong></span> <span class='ocrx_word' id='word_1_313' title='bbox 2307 3077 2360 3128; x_wconf 81' lang='lat' dir='ltr'><strong>et</strong></span> <span class='ocrx_word' id='word_1_314' title='bbox 2403 3064 2814 3138; x_wconf 68' lang='lat' dir='ltr'><strong>domimo-ulae,</strong></span> 
     </span>
     <span class='ocr_line' id='line_1_33' title="bbox 570 3153 2816 3240; baseline -0 -24"><span class='ocrx_word' id='word_1_315' title='bbox 570 3177 719 3240; x_wconf 79' lang='lat' dir='ltr'><strong>quae</strong></span> <span class='ocrx_word' id='word_1_316' title='bbox 762 3157 845 3217; x_wconf 85' lang='lat' dir='ltr'><strong>acl</strong></span> <span class='ocrx_word' id='word_1_317' title='bbox 890 3157 1185 3217; x_wconf 80' lang='lat' dir='ltr'><strong>orandum</strong></span> <span class='ocrx_word' id='word_1_318' title='bbox 1226 3153 1316 3216; x_wconf 87' lang='lat' dir='ltr'><strong>vel</strong></span> <span class='ocrx_word' id='word_1_319' title='bbox 1361 3154 1670 3236; x_wconf 72' lang='lat' dir='ltr'><strong>leyemlwn</strong></span> <span class='ocrx_word' id='word_1_320' title='bbox 1697 3155 1903 3237; x_wconf 76' lang='lat' dir='ltr'><strong>factae</strong></span> <span class='ocrx_word' id='word_1_321' title='bbox 1932 3166 2114 3228; x_wconf 77' lang='lat' dir='ltr'><strong>erant,</strong></span> <span class='ocrx_word' id='word_1_322' title='bbox 2165 3153 2227 3215; x_wconf 86' lang='lat' dir='ltr'><strong>in</strong></span> <span class='ocrx_word' id='word_1_323' title='bbox 2257 3154 2816 3225; x_wconf 68' lang='lat' dir='ltr'><strong>commessationum,</strong></span> 
     </span>
     <span class='ocr_line' id='line_1_34' title="bbox 562 3241 2812 3328; baseline -0.001 -22"><span class='ocrx_word' id='word_1_324' title='bbox 562 3244 961 3326; x_wconf 74' lang='lat' dir='ltr'><strong>potationum,</strong></span> <span class='ocrx_word' id='word_1_325' title='bbox 1016 3243 1459 3328; x_wconf 70' lang='lat' dir='ltr'><strong>fabulationum</strong></span> <span class='ocrx_word' id='word_1_326' title='bbox 1514 3255 1564 3304; x_wconf 75' lang='lat' dir='ltr'><strong>et</strong></span> <span class='ocrx_word' id='word_1_327' title='bbox 1611 3253 1933 3305; x_wconf 77' lang='lat' dir='ltr'><strong>ceterarum</strong></span> <span class='ocrx_word' id='word_1_328' title='bbox 1973 3243 2378 3306; x_wconf 72' lang='lat' dir='ltr'><strong>illecebramum</strong></span> <span class='ocrx_word' id='word_1_329' title='bbox 2421 3241 2638 3304; x_wconf 65' lang='lat' dir='ltr'><strong>cubilia</strong></span> <span class='ocrx_word' id='word_1_330' title='bbox 2681 3262 2812 3303; x_wconf 78' lang='lat' dir='ltr'><strong>con·</strong></span> 
     </span>
     <span class='ocr_line' id='line_1_35' title="bbox 566 3329 2814 3415; baseline -0.002 -21"><span class='ocrx_word' id='word_1_331' title='bbox 566 3353 766 3395; x_wconf 81' lang='lat' dir='ltr'><strong>versae</strong></span> <span class='ocrx_word' id='word_1_332' title='bbox 810 3343 989 3393; x_wconf 81' lang='lat' dir='ltr'><strong>erant.</strong></span> <span class='ocrx_word' id='word_1_333' title='bbox 1098 3329 1369 3414; x_wconf 72' lang='lat' dir='ltr'><strong>Viryines</strong></span> <span class='ocrx_word' id='word_1_334' title='bbox 1412 3351 1634 3415; x_wconf 80' lang='lat' dir='ltr'><strong>quoque</strong></span> <span class='ocrx_word' id='word_1_335' title='bbox 1677 3334 1788 3394; x_wconf 81' lang='lat' dir='ltr'><strong>deo</strong></span> <span class='ocrx_word' id='word_1_336' title='bbox 1841 3333 2070 3394; x_wconf 76' lang='lat' dir='ltr'><strong>dicatae</strong></span> <span class='ocrx_word' id='word_1_337' title='bbox 2123 3342 2448 3413; x_wconf 63' lang='lat' dir='ltr'><strong>consumpta</strong></span> <span class='ocrx_word' id='word_1_338' title='bbox 2499 3331 2814 3393; x_wconf 79' lang='lat' dir='ltr'><strong>reverentia</strong></span> 
     </span>
     <span class='ocr_line' id='line_1_36' title="bbox 568 3418 2809 3504; baseline -0.002 -22"><span class='ocrx_word' id='word_1_339' title='bbox 568 3441 709 3483; x_wconf 82' lang='lat' dir='ltr'><strong>suae</strong></span> <span class='ocrx_word' id='word_1_340' title='bbox 744 3421 1143 3504; x_wconf 74' lang='lat' dir='ltr'><strong>professionis,</strong></span> <span class='ocrx_word' id='word_1_341' title='bbox 1188 3422 1625 3504; x_wconf 73' lang='lat' dir='ltr'><strong>quotiescunque</strong></span> <span class='ocrx_word' id='word_1_342' title='bbox 1654 3421 1958 3494; x_wconf 74' lang='lat' dir='ltr'><strong>vacabant,</strong></span> <span class='ocrx_word' id='word_1_343' title='bbox 2005 3421 2262 3482; x_wconf 72' lang='lat' dir='ltr'><strong>texendis</strong></span> <span class='ocrx_word' id='word_1_344' title='bbox 2287 3419 2680 3482; x_wconf 55' lang='lat' dir='ltr'><strong>rabanonem</strong></span> <span class='ocrx_word' id='word_1_345' title='bbox 2719 3418 2809 3478; x_wconf 84' lang='lat' dir='ltr'><strong>in-</strong></span> 
     </span>
     <span class='ocr_line' id='line_1_37' title="bbox 566 3507 2810 3592; baseline -0.001 -22"><span class='ocrx_word' id='word_1_346' title='bbox 566 3509 854 3570; x_wconf 52' lang='lat' dir='ltr'><strong>dumentis</strong></span> <span class='ocrx_word' id='word_1_347' title='bbox 901 3531 1145 3591; x_wconf 77' lang='lat' dir='ltr'><strong>operam</strong></span> <span class='ocrx_word' id='word_1_348' title='bbox 1186 3507 1433 3581; x_wconf 79' lang='lat' dir='ltr'><strong>dabant,</strong></span> <span class='ocrx_word' id='word_1_349' title='bbox 1502 3509 1709 3592; x_wconf 77' lang='lat' dir='ltr'><strong>quibus</strong></span> <span class='ocrx_word' id='word_1_350' title='bbox 1767 3520 1872 3570; x_wconf 69' lang='lat' dir='ltr'><strong>aiat</strong></span> <span class='ocrx_word' id='word_1_351' title='bbox 1921 3529 1984 3570; x_wconf 85' lang='lat' dir='ltr'><strong>se</strong></span> <span class='ocrx_word' id='word_1_352' title='bbox 2037 3509 2202 3590; x_wconf 82' lang='lat' dir='ltr'><strong>ipsas</strong></span> <span class='ocrx_word' id='word_1_353' title='bbox 2259 3509 2344 3570; x_wconf 73' lang='lat' dir='ltr'><strong>md</strong></span> <span class='ocrx_word' id='word_1_354' title='bbox 2399 3509 2584 3570; x_wconf 74' lang='lat' dir='ltr'><strong>vicem</strong></span> <span class='ocrx_word' id='word_1_355' title='bbox 2637 3527 2810 3588; x_wconf 84' lang='lat' dir='ltr'><strong>spon·</strong></span> 
     </span>
     <span class='ocr_line' id='line_1_38' title="bbox 566 3595 2816 3702; baseline -0 -44"><span class='ocrx_word' id='word_1_356' title='bbox 566 3617 771 3658; x_wconf 77' lang='lat' dir='ltr'><strong>sarum</strong></span> <span class='ocrx_word' id='word_1_357' title='bbox 814 3597 877 3657; x_wconf 85' lang='lat' dir='ltr'><strong>in</strong></span> <span class='ocrx_word' id='word_1_358' title='bbox 909 3597 1241 3702; x_wconf 65' lang='lat' dir='ltr'><strong>perieulum</strong></span> <span class='ocrx_word' id='word_1_359' title='bbox 1294 3597 1387 3658; x_wconf 87' lang='lat' dir='ltr'><strong>sui</strong></span> <span class='ocrx_word' id='word_1_360' title='bbox 1428 3605 1612 3658; x_wconf 64' lang='lat' dir='ltr'><strong>status</strong></span> <span class='ocrx_word' id='word_1_361' title='bbox 1670 3599 2051 3670; x_wconf 77' lang='lat' dir='ltr'><strong>adornarent,</strong></span> <span class='ocrx_word' id='word_1_362' title='bbox 2121 3607 2226 3658; x_wconf 77' lang='lat' dir='ltr'><strong>aut</strong></span> <span class='ocrx_word' id='word_1_363' title='bbox 2279 3605 2650 3658; x_wconf 61' lang='lat' dir='ltr'><strong>externorum</strong></span> <span class='ocrx_word' id='word_1_364' title='bbox 2701 3595 2816 3657; x_wconf 75' lang='lat' dir='ltr'><strong>sibi</strong></span> 
     </span>
     <span class='ocr_line' id='line_1_39' title="bbox 564 3686 2808 3767; baseline -0.001 -21"><span class='ocrx_word' id='word_1_365' title='bbox 564 3686 829 3747; x_wconf 79' lang='lat' dir='ltr'><strong>virorum</strong></span> <span class='ocrx_word' id='word_1_366' title='bbox 873 3687 1192 3747; x_wconf 72' lang='lat' dir='ltr'><strong>aniiei‘liam</strong></span> <span class='ocrx_word' id='word_1_367' title='bbox 1239 3697 1650 3767; x_wconf 75' lang='lat' dir='ltr'><strong>compararent</strong></span> <span class='ocrx_word' id='word_1_368' title='bbox 1695 3689 1775 3764; x_wconf 90' lang='lat' dir='ltr'><strong>(h.</strong></span> <span class='ocrx_word' id='word_1_369' title='bbox 1799 3709 1850 3746; x_wconf 88' lang='lat' dir='ltr'><strong>e.</strong></span> <span class='ocrx_word' id='word_1_370' title='bbox 1882 3688 1942 3760; x_wconf 96' lang='grc'><strong>4,</strong></span> <span class='ocrx_word' id='word_1_371' title='bbox 1971 3688 2070 3760; x_wconf 88' lang='grc'><strong>25,</strong></span> <span class='ocrx_word' id='word_1_372' title='bbox 2102 3689 2338 3765; x_wconf 70' lang='lat'><strong>§338).</strong></span> <span class='ocrx_word' id='word_1_373' title='bbox 2373 3721 2452 3732; x_wconf 90' lang='lat'><strong>--</strong></span> <span class='ocrx_word' id='word_1_374' title='bbox 2487 3687 2658 3745; x_wconf 84' lang='lat' dir='ltr'><strong>Haec</strong></span> <span class='ocrx_word' id='word_1_375' title='bbox 2703 3705 2808 3745; x_wconf 84' lang='lat' dir='ltr'><strong>au·</strong></span> 
     </span>
     <span class='ocr_line' id='line_1_40' title="bbox 566 3776 2808 3855; baseline -0.001 -21"><span class='ocrx_word' id='word_1_376' title='bbox 566 3776 733 3836; x_wconf 83' lang='lat' dir='ltr'><strong>diens</strong></span> <span class='ocrx_word' id='word_1_377' title='bbox 790 3776 922 3851; x_wconf 87' lang='lat' dir='ltr'><strong>quis</strong></span> <span class='ocrx_word' id='word_1_378' title='bbox 977 3776 1252 3836; x_wconf 82' lang='lat' dir='ltr'><strong>Ebrardo</strong></span> <span class='ocrx_word' id='word_1_379' title='bbox 1300 3779 1383 3855; x_wconf 89' lang='lat' dir='ltr'><strong>(p.</strong></span> <span class='ocrx_word' id='word_1_380' title='bbox 1418 3778 1573 3851; x_wconf 88' lang='grc'>212)</span> <span class='ocrx_word' id='word_1_381' title='bbox 1621 3777 1952 3835; x_wconf 83' lang='lat' dir='ltr'><strong>consentiat</strong></span> <span class='ocrx_word' id='word_1_382' title='bbox 2012 3777 2343 3853; x_wconf 81' lang='lat' dir='ltr'><strong>„virgines“</strong></span> <span class='ocrx_word' id='word_1_383' title='bbox 2403 3776 2538 3834; x_wconf 82' lang='lat' dir='ltr'><strong>illas</strong></span> <span class='ocrx_word' id='word_1_384' title='bbox 2598 3795 2808 3835; x_wconf 84' lang='lat' dir='ltr'><strong>revera</strong></span> 
     </span>
     <span class='ocr_line' id='line_1_41' title="bbox 564 3863 2809 3941; baseline 0 -19"><span class='ocrx_word' id='word_1_385' title='bbox 564 3864 745 3924; x_wconf 84' lang='lat' dir='ltr'><strong>fuisse</strong></span> <span class='ocrx_word' id='word_1_386' title='bbox 788 3885 1003 3924; x_wconf 82' lang='lat' dir='ltr'><strong>uxores</strong></span> <span class='ocrx_word' id='word_1_387' title='bbox 1048 3866 1175 3924; x_wconf 89' lang='lat' dir='ltr'><strong>sine</strong></span> <span class='ocrx_word' id='word_1_388' title='bbox 1214 3869 1381 3941; x_wconf 83' lang='lat' dir='ltr'><strong>justa</strong></span> <span class='ocrx_word' id='word_1_389' title='bbox 1421 3883 1600 3923; x_wconf 86' lang='lat' dir='ltr'><strong>causa</strong></span> <span class='ocrx_word' id='word_1_390' title='bbox 1631 3865 1976 3924; x_wconf 75' lang='lat' dir='ltr'><strong>accusatas?</strong></span> <span class='ocrx_word' id='word_1_391' title='bbox 2023 3865 2250 3924; x_wconf 81' lang='lat' dir='ltr'><strong>Contra</strong></span> <span class='ocrx_word' id='word_1_392' title='bbox 2281 3863 2544 3924; x_wconf 80' lang='lat' dir='ltr'><strong>Thomae</strong></span> <span class='ocrx_word' id='word_1_393' title='bbox 2576 3863 2809 3923; x_wconf 82' lang='lat' dir='ltr'><strong>Eliensi</strong></span> 
     </span>
    </p>
   </div>
   <div class='ocr_carea' id='block_1_3' title="bbox 562 3987 918 3996">
    <p class='ocr_par' dir='ltr' id='par_1_4' title="bbox 562 3987 918 3996">
     <span class='ocr_line' id='line_1_42' title="bbox 562 3987 918 3996; baseline 0 904"><span class='ocrx_word' id='word_1_394' title='bbox 562 3987 918 3996; x_wconf 95' lang='lat' dir='ltr'><strong> </strong></span> 
     </span>
    </p>
   </div>
   <div class='ocr_carea' id='block_1_4' title="bbox 923 3989 989 3996">
    <p class='ocr_par' dir='ltr' id='par_1_5' title="bbox 923 3989 989 3996">
     <span class='ocr_line' id='line_1_43' title="bbox 923 3989 989 3996; baseline 0 -2"><span class='ocrx_word' id='word_1_395' title='bbox 923 3989 989 3996; x_wconf 57' lang='grc' dir='ltr'><strong>-ς-</strong></span> 
     </span>
    </p>
   </div>
   <div class='ocr_carea' id='block_1_5' title="bbox 557 3993 2806 4103">
    <p class='ocr_par' dir='ltr' id='par_1_6' title="bbox 557 3993 2806 4103">
     <span class='ocr_line' id='line_1_44' title="bbox 557 3993 2806 4103; baseline 0.001 -13"><span class='ocrx_word' id='word_1_396' title='bbox 557 4077 563 4084; x_wconf 94' lang='grc'><strong>.</strong></span> <span class='ocrx_word' id='word_1_397' title='bbox 613 4054 619 4058; x_wconf 93' lang='grc'><em>·</em></span> <span class='ocrx_word' id='word_1_398' title='bbox 716 4039 737 4070; x_wconf 85' lang='lat'><strong>¹</strong></span> <span class='ocrx_word' id='word_1_399' title='bbox 772 4037 966 4092; x_wconf 84' lang='lat' dir='ltr'><strong>Aliam</strong></span> <span class='ocrx_word' id='word_1_400' title='bbox 1002 4039 1120 4092; x_wconf 85' lang='lat' dir='ltr'><strong>vim</strong></span> <span class='ocrx_word' id='word_1_401' title='bbox 1158 3993 1547 4102; x_wconf 84' lang='lat' dir='ltr'><strong>vocabulum,</strong></span> <span class='ocrx_word' id='word_1_402' title='bbox 1554 4037 1856 4102; x_wconf 82' lang='lat' dir='ltr'><strong>‚familiae“</strong></span> <span class='ocrx_word' id='word_1_403' title='bbox 1896 4037 1968 4090; x_wconf 90' lang='lat' dir='ltr'><strong>de</strong></span> <span class='ocrx_word' id='word_1_404' title='bbox 2003 4037 2359 4092; x_wconf 84' lang='lat' dir='ltr'><strong>monasteriis</strong></span> <span class='ocrx_word' id='word_1_405' title='bbox 2397 4037 2616 4092; x_wconf 84' lang='lat' dir='ltr'><strong>dietum</strong></span> <span class='ocrx_word' id='word_1_406' title='bbox 2651 4035 2806 4103; x_wconf 83' lang='lat' dir='ltr'><strong>apud</strong></span> 
     </span>
    </p>
   </div>
   <div class='ocr_carea' id='block_1_6' title="bbox 558 4107 2804 4302">
    <p class='ocr_par' dir='ltr' id='par_1_7' title="bbox 558 4107 2804 4248">
     <span class='ocr_line' id='line_1_45' title="bbox 558 4107 2804 4191; baseline -0.001 -28.976"><span class='ocrx_word' id='word_1_407' title='bbox 558 4109 717 4178; x_wconf 81' lang='lat' dir='ltr'><strong>ipsos</strong></span> <span class='ocrx_word' id='word_1_408' title='bbox 744 4107 949 4162; x_wconf 75' lang='lat' dir='ltr'><strong>Scotos</strong></span> <span class='ocrx_word' id='word_1_409' title='bbox 973 4109 1144 4164; x_wconf 87' lang='lat' dir='ltr'><strong>habet</strong></span> <span class='ocrx_word' id='word_1_410' title='bbox 1169 4109 1269 4178; x_wconf 84' lang='lat' dir='ltr'><strong>(ef.</strong></span> <span class='ocrx_word' id='word_1_411' title='bbox 1304 4127 1471 4177; x_wconf 85' lang='lat' dir='ltr'><strong>supra</strong></span> <span class='ocrx_word' id='word_1_412' title='bbox 1497 4127 1552 4178; x_wconf 90' lang='lat' dir='ltr'><strong>p.</strong></span> <span class='ocrx_word' id='word_1_413' title='bbox 1582 4110 1693 4191; x_wconf 55' lang='lat'><strong>69),</strong></span> <span class='ocrx_word' id='word_1_414' title='bbox 1735 4108 2018 4178; x_wconf 84' lang='lat' dir='ltr'><strong>significat</strong></span> <span class='ocrx_word' id='word_1_415' title='bbox 2042 4109 2310 4164; x_wconf 83' lang='lat' dir='ltr'><strong>abbatem</strong></span> <span class='ocrx_word' id='word_1_416' title='bbox 2347 4125 2476 4162; x_wconf 87' lang='lat' dir='ltr'><strong>cum</strong></span> <span class='ocrx_word' id='word_1_417' title='bbox 2513 4107 2804 4190; x_wconf 70' lang='lat' dir='ltr'><strong>monachis</strong></span> 
     </span>
     <span class='ocr_line' id='line_1_46' title="bbox 564 4177 2804 4302; baseline -0.001 -70"><span class='ocrx_word' id='word_1_418' title='bbox 564 4179 675 4233; x_wconf 84' lang='lat' dir='ltr'><strong>suis</strong></span> <span class='ocrx_word' id='word_1_419' title='bbox 714 4180 808 4234; x_wconf 86' lang='lat' dir='ltr'><strong>vel</strong></span> <span class='ocrx_word' id='word_1_420' title='bbox 846 4197 973 4234; x_wconf 87' lang='lat' dir='ltr'><strong>eum</strong></span> <span class='ocrx_word' id='word_1_421' title='bbox 1012 4181 1149 4248; x_wconf 85' lang='lat' dir='ltr'><strong>ipsis</strong></span> <span class='ocrx_word' id='word_1_422' title='bbox 1174 4179 1464 4244; x_wconf 84' lang='lat' dir='ltr'><strong>omnibus,</strong></span> <span class='ocrx_word' id='word_1_423' title='bbox 1526 4181 1622 4248; x_wconf 91' lang='lat' dir='ltr'><strong>qui</strong></span> <span class='ocrx_word' id='word_1_424' title='bbox 1671 4179 1731 4230; x_wconf 89' lang='lat' dir='ltr'><strong>in</strong></span> <span class='ocrx_word' id='word_1_425' title='bbox 1779 4178 1905 4233; x_wconf 87' lang='lat' dir='ltr'><strong>aliis</strong></span> <span class='ocrx_word' id='word_1_426' title='bbox 1955 4179 2306 4232; x_wconf 80' lang='lat' dir='ltr'><strong>monasteriis</strong></span> <span class='ocrx_word' id='word_1_427' title='bbox 2357 4179 2551 4232; x_wconf 89' lang='lat' dir='ltr'><strong>abbati</strong></span> <span class='ocrx_word' id='word_1_428' title='bbox 2590 4177 2804 4302; x_wconf 44' lang='lat' dir='ltr'><strong>princi?</strong></span> 
     </span>
    </p>
   </div>
   <div class='ocr_carea' id='block_1_7' title="bbox 562 4217 2765 4389">
    <p class='ocr_par' dir='ltr' id='par_1_8' title="bbox 562 4217 2765 4389">
     <span class='ocr_line' id='line_1_47' title="bbox 562 4217 2765 4319; baseline 0 -18"><span class='ocrx_word' id='word_1_429' title='bbox 562 4250 706 4316; x_wconf 86' lang='lat' dir='ltr'><strong>palis</strong></span> <span class='ocrx_word' id='word_1_430' title='bbox 733 4250 886 4303; x_wconf 84' lang='lat' dir='ltr'><strong>illius</strong></span> <span class='ocrx_word' id='word_1_431' title='bbox 912 4250 1243 4304; x_wconf 86' lang='lat' dir='ltr'><strong>monasterii</strong></span> <span class='ocrx_word' id='word_1_432' title='bbox 1268 4217 1648 4303; x_wconf 81' lang='lat' dir='ltr'><strong>oboediebant</strong></span> <span class='ocrx_word' id='word_1_433' title='bbox 1673 4249 1742 4303; x_wconf 85' lang='lat' dir='ltr'><strong>cf.</strong></span> <span class='ocrx_word' id='word_1_434' title='bbox 1773 4249 2052 4318; x_wconf 76' lang='lat' dir='ltr'><strong>„expulsio</strong></span> <span class='ocrx_word' id='word_1_435' title='bbox 2073 4249 2287 4317; x_wconf 81' lang='lat' dir='ltr'><strong>familie</strong></span> <span class='ocrx_word' id='word_1_436' title='bbox 2314 4249 2414 4304; x_wconf 86' lang='lat' dir='ltr'><strong>Ie“</strong></span> <span class='ocrx_word' id='word_1_437' title='bbox 2443 4251 2536 4319; x_wconf 92' lang='lat'><strong>(=</strong></span> <span class='ocrx_word' id='word_1_438' title='bbox 2556 4249 2765 4318; x_wconf 87' lang='lat' dir='ltr'><strong>Hii)..</strong></span> 
     </span>
     <span class='ocr_line' id='line_1_48' title="bbox 562 4320 1989 4389; baseline 0.001 -17"><span class='ocrx_word' id='word_1_439' title='bbox 562 4322 749 4374; x_wconf 82' lang='lat' dir='ltr'><strong>annal.</strong></span> <span class='ocrx_word' id='word_1_440' title='bbox 794 4320 1132 4389; x_wconf 83' lang='lat' dir='ltr'><strong>Tigernaehi</strong></span> <span class='ocrx_word' id='word_1_441' title='bbox 1171 4320 1246 4373; x_wconf 93' lang='lat' dir='ltr'><strong>H.</strong></span> <span class='ocrx_word' id='word_1_442' title='bbox 1287 4321 1398 4373; x_wconf 85' lang='lat' dir='ltr'><strong>and</strong></span> <span class='ocrx_word' id='word_1_443' title='bbox 1437 4320 1518 4375; x_wconf 87' lang='lat' dir='ltr'><strong>St.</strong></span> <span class='ocrx_word' id='word_1_444' title='bbox 1557 4320 1638 4386; x_wconf 92' lang='lat' dir='ltr'><strong>II,</strong></span> <span class='ocrx_word' id='word_1_445' title='bbox 1681 4321 1729 4385; x_wconf 85' lang='lat'><strong>1,</strong></span> <span class='ocrx_word' id='word_1_446' title='bbox 1770 4338 1826 4388; x_wconf 89' lang='lat' dir='ltr'><strong>p.</strong></span> <span class='ocrx_word' id='word_1_447' title='bbox 1870 4323 1989 4374; x_wconf 83' lang='lat'><strong>114.</strong></span> 
     </span>
    </p>
   </div>
  </div>
 </body>
</html>
