3167 4900
1232 238 1676 295 ...99—

328 414 538 489 magni
583 412 893 471 aestimata
937 414 1022 471 ab
1062 414 1192 491 ipso
1232 414 1527 487 Ebrardo,
1574 434 1625 475 c.
1680 414 1753 471 11
1807 413 1885 472 ib.
1933 434 2070 471 ann.
2116 414 2263 486 655,
2309 436 2366 492 p.
2401 414 2578 491 425),

326 498 567 573 credat,
601 496 863 593 inquam,
896 501 1175 563 Ebrardo
1204 503 1337 561 illas
1366 457 1753 579 rehtiuiamm
1785 508 1847 561 et
1878 509 2216 561 sanctorum
2247 504 2579 571 mentiones

326 588 766 653 additamenta
801 610 928 649 esse
996 591 1374 679 scriptorum,
1446 592 1661 667 quibus
1724 597 1957 650 sanctos
2020 590 2388 650 exornandos
2449 611 2574 653 esse

326 675 647 757 perperam
693 678 781 735 illi
826 680 1199 757 putaverint;
1253 714 1327 725 ——-
1360 680 1587 744 credat
1615 680 1964 739 columbam
2009 680 2350 757 saepissime
2390 681 2573 739 verba

324 768 538 827 fecisse
582 762 659 825 de
703 765 923 826 Sancto
968 764 1176 844 Petro,
1237 766 1455 829 Sancto
1501 764 1726 839 Paulo,
1772 764 1990 827 Sancto
2036 764 2400 847 Hieronymo
2448 765 2576 843 (sed

324 856 405 915 <ie
438 850 730 930 „Ea-sebio
758 851 1155 915 Caesariensi⁶⁴
1195 878 1288 935 ep.
1316 858 1373 930 5,
1396 879 1453 934 p.
1481 858 1562 916 32
1590 855 1693 933 Α),
1725 855 1831 916 sed
1859 857 1969 914 hoc
2000 876 2116 915 non
2147 858 2324 915 aliter
2352 858 2574 915 dictum

326 966 459 1003 esse
504 952 688 1021 atque
730 944 883 1003 illud.
933 944 1129 1017 „vivus
1172 966 1423 1027 namque
1464 953 1698 1005 sanctus
1743 944 2053 1005 emendare
2073 952 2278 1027 potest,
2322 964 2472 1026 qaae
2500 942 2575 1005 ab

324 1030 513 1092 altero
564 1028 795 1113 majore
838 1032 1143 1093 emendata
1186 1054 1305 1094 non
1332 1032 1599 1116 fiierint“
1652 1038 1766 1112 (ep.
1818 1035 1875 1107 5,
1922 1055 1981 1110 p.
2030 1034 2113 1092 32
2162 1033 2238 1109 Ο)
2282 1034 2381 1093 vel
2426 1034 2576 1092 illud

336 1142 415 1195 „a
469 1119 688 1181 Sancto
748 1118 1021 1181 &indicio
1076 1129 1208 1183 tu0“
1272 1124 1375 1198 (ib.
1438 1144 1496 1201 p.
1548 1124 1632 1181 33
1666 1121 1790 1199 ·B);
1835 1156 1918 1169 —·—
1967 1124 2170 1182 credat
2224 1121 2574 1181 Columbam

328 1210 575 1289 petiisse
619 1231 655 1268 a
702 1210 889 1287 papis,
936 1217 1007 1269 ut
1050 1232 1159 1289 pro
1206 1232 1269 1271 se
1316 1220 1551 1272 orarent
1565 1208 1748 1292 juoeta
1775 1208 1902 1271 loeo
1930 1218 2132 1270 sancta
2161 1219 2214 1272 et
2243 1220 2578 1270 sanctorum

327 1298 583 1359 cineres“
639 1300 755 1375 (ep.
803 1299 861 1371 4,
909 1318 966 1375 p.
1017 1300 1094 1358 31
1132 1300 1185 1359 E
1234 1308 1299 1361 et
1338 1321 1429 1380 ep.
1485 1303 1537 1373 1,
1582 1321 1642 1377 p.
1693 1300 1775 1357 24
1808 1300 1904 1376 F),
1949 1300 2052 1359 sed
2098 1300 2152 1357 ei
2181 1319 2440 1377 prorsus
2485 1299 2574 1357 in-

332 1393 701 1465 compertum
732 1387 931 1459 fuisse,
966 1390 1261 1464 quomodo
1290 1410 1483 1468 papae
1514 1391 1773 1449 solerent
1805 1408 1976 1447 orare
1999 1392 2178 1463 juxta
2201 1389 2332 1449 loca
2352 1393 2574 1461 sancta,

330 1494 525 1553 neque
569 1475 961 1534 dubitandum
1009 1496 1151 1551 esse,
1199 1480 1343 1553 quin
1390 1478 1517 1555 ipse
1563 1478 1871 1550 Columba,
1919 1478 1971 1537 si
2015 1478 2270 1537 Romam
2315 1477 2578 1537 venisset

336 1559 691 1644 Greyorium
735 1584 981 1642 papam,
1028 1573 1097 1626 ut
1142 1567 1254 1639 ait,
1302 1566 1644 1627 desiderans
1687 1585 1806 1625 non
1852 1562 2117 1625 Romam
2169 1561 2368 1638 „salva
2412 1584 2602 1623 san0·‚

328 1656 529 1711 torum
570 1646 885 1712 reuerentia
930 1652 1225 1713 cineram“
1278 1656 1393 1731 (ep.
1444 1655 1499 1728 5,
1546 1676 1605 1733 p.
1656 1648 1744 1713 33'
1771 1653 1850 1725 A,
1899 1656 1970 1712 cf.
2019 1654 2294 1730 Fleming
2338 1675 2395 1731 p.
2437 1647 2577 1725 159,

334 1760 471 1800 nam
515 1741 676 1799 Bibl.
723 1762 877 1799 max.
923 1763 980 1820 p.
1030 1743 1111 1803 33
1160 1742 1223 1802 A
1278 1743 1545 1803 invenies
1601 1742 1898 1819 cinerem),
1955 1744 2132 1819 longe
2178 1742 2352 1801 aliter
2397 1749 2578 1817 atque

333 1848 535 1909 papae,
562 1822 849 1889 'oraturus
878 1830 1061 1891 fuerit
1084 1835 1261 1908 juxta
1292 1839 1632 1892 sanctorum
1665 1832 1910 1903 cineres,
1957 1831 2226 1907 quamvis
2257 1831 2384 1907 ipse
2416 1830 2578 1889 dicat

338 1920 675 1994 (instructio
730 1918 781 1991 Ι,
843 1919 1004 1978 Bibl.
1066 1942 1219 1979 max.
1283 1922 1379 1993 12,
1440 1943 1498 2000 p.
1554 1923 1632 1978 10
1689 1921 1773 1996 D)
1801 1934 1806 1941 ·
1833 1918 2026 1979 deam·
2057 1939 2175 1999 per·
2245 1926 2579 1977 sanctorum

331 2026 573 2067 suorum
630 2003 838 2066 merita
870 2016 947 2067 -ει
1000 2006 1345 2068 interemtus
1390 2009 1688 2069 orandimi
1732 2004 1884 2080 esse;
1935 2042 2012 2055 --
2063 2008 2416 2085 persuadeat
2463 2006 2580 2065 sibi

334 2094 683 2155 (le-lumbam
744 2095 1084 2157 Turonibus
1148 2098 1421 2157 visitasse
1490 2100 1824 2177 sepulcrum
1884 2094 2014 2156 Soti
2072 2096 2319 2155 Martini
2388 2113 2580 2171 neque

337 2185 587 2243 coluisse
642 2204 777 2243 eum
820 2192 889 2244 ut
936 2186 1040 2244 alii
1083 2186 1251 2255 illius
1292 2187 1509 2247 aetatis
1552 2186 1854 2261 catholici,
1913 2186 2182 2262 quamvis
2227 2185 2418 2243 Jonas
2465 2183 2578 2243 Co·

337 2274 595 2331 lumbam
656 2273 903 2333 inducat
962 2275 1252 2341 dicentem
1304 2294 1421 2335 non
1474 2275 1695 2336 idcirco
1741 2274 1824 2335 ad
1867 2271 1992 2355 ejus
2039 2274 2335 2350 (Martini)
2380 2292 2438 2332 se
2483 2292 2578 2333 ew-

334 2359 571 2421 cubasse
628 2359 930 2443 reliquias,
994 2372 1057 2421 ut
1114 2360 1213 2424 ille
1266 2384 1376 2423 sua
1428 2384 1501 2423 ao
1546 2382 1788 2424 suorum
1831 2363 2037 2422 sineret
2082 2361 2305 2436 damna
2337 2360 2584 2440 patrari

318 2449 595 2532 fratrum
640 2453 771 2527 (vit.
820 2451 945 2510 001.
994 2454 1096 2526 44,
1140 2474 1200 2530 p.
1251 2455 1353 2526 23,
1402 2455 1474 2512 of.
1522 2455 1625 2526 42,
1673 2475 1731 2531 p.
1781 2454 1909 2526 22).

515 2540 693 2598 Aliae
738 2547 936 2600 autem
982 2541 1137 2600 duae
1187 2543 1301 2600 hoc
1346 2544 1495 2604 loeo¹
1521 2543 1818 2602 exsistunt
1879 2540 2284 2616 quaestiones,
2345 2537 2578 2614 dignae,

339 2647 491 2704 quae
552 2649 754 2688 severe
812 2631 1249 2702 examinentur,
1315 2631 1505 2708 prior,
1568 2629 1713 2707 quid
1760 2629 2083 2688 Columbae
2139 2637 2200 2687 et
2261 2627 2406 2686 socii
2451 2629 2582 2702 ejus

331 2713 736 2792 judicaverint
780 2718 853 2776 de
898 2719 1248 2796 virginitate
1296 2727 1357 2778 et
1402 2720 1477 2778 de
1524 2719 1868 2778 clericorum
1915 2717 2324 2790 matrimoniis,
2367 2717 2580 2789 altera,

344 2825 485 2863 num
532 2807 649 2864 alia
693 2807 876 2865 fuerit
921 2808 1082 2885 apud
1126 2809 1316 2871 socios
1362 2807 1686 2867 Columbae
1732 2808 1858 2867 vita
1905 2806 2246 2866 monachica
2291 2812 2473 2882 atque
2521 2805 2583 2862 in

338 2895 597 2954 univera:
609 2895 862 2954 ecclesia
876 2904 941 2954 et
965 2897 1109 2973 quid
1132 2897 1205 2956 de
1229 2898 1648 2956 monachorum
1671 2897 1798 2956 vita
1821 2898 1948 2973 ipse
1968 2894 2257 2954 Columba
2282 2894 2582 2953 statuerit.

524 2983 733 3042 Scotos
781 2985 866 3062 [et
910 2984 1247 3062 Britones]
1264 2986 1337 3044 de
1398 2987 1742 3045 clericorum
1802 2976 2196 3042 matrimoniis
2251 3001 2372 3040 non
2426 2981 2582 3039 idem

338 3073 591 3134 sensisse
637 3069 796 3148 quod
844 3080 1073 3132 ceterae
1120 3073 1281 3132 illius
1328 3075 1546 3132 aetatis
1593 3074 1870 3132 ecclesiae
1917 3091 2034 3130 non
2083 3072 2242 3129 solus
2274 3069 2581 3130 Ebrardus

350 3165 433 3239 (p.
468 3163 593 3220 206
644 3165 799 3238 sqq.)
846 3162 1183 3235 affirmavit,
1233 3163 1351 3234 sed,
1400 3183 1531 3221 cum
1561 3153 1956 3236 Rettbergius
1989 3161 2049 3235 (Ι
2079 3182 2137 3238 p.
2173 3160 2299 3218 320
2335 3165 2394 3218 et
2428 3159 2582 3235 324)

338 3249 584 3308 eandem
632 3251 988 3310 sententiam
1035 3252 1286 3322 tulisset,
1331 3251 1395 3309 in
1442 3249 1767 3310 Germania
1813 3249 2312 3326 evangelicorum,
2361 3248 2465 3323 qui
2509 3247 2584 3306 de

341 3338 661 3398 Britonum
694 3337 1123 3417 Scotorumque
1154 3340 1415 3400 ecclesiis
1444 3340 1631 3399 verba
1661 3335 1945 3411 fecerunt,
1973 3353 2210 3411 omnes,
2243 3337 2358 3396 nisi
2389 3337 2582 3410 fallor,

339 3433 587 3506 excepto
634 3426 985 3505 Loeningio,
1034 3429 1278 3488 eandem
1323 3429 1532 3488 falsam
1577 3428 2020 3505 persuasionem
2066 3427 2182 3484 sibi
2227 3425 2581 3498 induerunt3

340 3517 484 3592 quin
548 3517 727 3575 etiam
789 3515 1107 3575 Scotorum·
1168 3519 1485 3577 monachos
1556 3513 1999 3592 nonnumquam
2061 3514 2125 3572 in
2187 3513 2586 3573 matrimoniis

258 3635 266 3641 ·
340 3601 557 3664 vinisse
580 3605 829 3663 ‘Plittius
852 3606 1127 3665 Ebrardo
1160 3607 1450 3666 concessit·
1472 3607 1795 3683 (Erlanger
1817 3603 2166 3663 zeitschrift
2195 3604 2294 3661 fiir
2323 3601 2584 3662 Protest.

340 3713 395 3751 ιι.
444 3695 559 3753 Kc.
614 3693 812 3766 1864,
859 3715 917 3771 p.
968 3695 1140 3771 287),
1189 3715 1379 3772 neque
1436 3695 1756 3754 defuerunt
1809 3695 1872 3753 in
1917 3692 2174 3770 Anglia‚
2234 3692 2337 3770 qui
2385 3727 2468 3737 —
2515 3697 2585 3752 ut

342 3789 571 3841 taceam
634 3783 705 3840 de
768 3736 831 3838 M
834 3781 1159 3842 'Lauchlan
1216 3803 1347 3841 cum
1392 3784 1670 3842 Ebrardo
1731 3783 2136 3843 consentiente
2183 3783 2281 3857 (cf.
2327 3779 2583 3852 Ebrard,

341 3891 427 3948 p.
422 3871 603 3948 VII)
656 3905 728 3918 ——-·
784 3870 1075 3936 dicerent:
1133 3868 1285 3931 there
1344 3890 1447 3931 are
1495 3891 1812 3952 passayeS,
1873 3868 2061 3930 which
2103 3887 2318 3948 prove,
2379 3864 2502 3926 that
2545 3887 2585 3928 a

340 3957 607 4020 married
640 3956 986 4040 priesthood
1044 3979 1167 4018 was
1212 3968 1311 4020 not
1371 3959 1658 4020 unknown
1721 3957 1784 4018 in
1843 3957 2076 4017 various
2129 3965 2298 4038 parts
2357 3955 2479 4014 and
2524 3963 2586 4016 at

342 4046 579 4108 various
613 4047 859 4150 periods
906 4047 980 4130 of
1012 4046 1103 4109 the
1135 4045 1311 4108 Celtic
1357 4045 1571 4108 ohurok
1605 4047 1884 4123 (Warren
1917 4067 1973 4124 p.
2015 4047 2137 4122 13).
2209 4045 2401 4118 Quam
2440 4065 2584 4117 rem,

343 4157 475 4198 cum
517 4137 759 4195 maximi
806 4139 1089 4198 momenti
1134 4138 1213 4197 sit
1258 4138 1319 4197 in
1352 4137 1734 4197 aestimandis
1773 4137 1951 4195 rebus
1983 4155 2017 4192 a
2047 4133 2353 4192 Bonifatio
2384 4133 2586 4211 gestis,

343 4226 547 4305 paullo
598 4227 903 4288 verbosius
952 4229 1130 4287 etiam
1178 4228 1289 4286 hoc
1334 4228 1463 4286 loco
1510 4232 1771 4286 tractare
1815 4224 1961 4284 mihi
2006 4223 2198 4282 liceat.

523 4314 855 4375 Exordium
901 4317 1099 4396 igitur·
1134 4316 1373 4395 capiens
1420 4335 1455 4374 a
1502 4315 1920 4374 monachorum
1958 4311 2348 4373 matrimoniis
2393 4312 2588 4372 fateor

2086 4413 2160 4468 7*
