3167 4900
1242 243 1507 301 --93
1601 278 1686 289 .-

342 442 471 483 esse
484 466 498 494 ,
560 422 741 481 immo
786 423 1059 499 putabat,
1107 441 1279 480 suum
1326 441 1567 480 morem.
1598 441 1724 481 esse
1771 422 2126 481 catholicum
2170 440 2365 499 neque
2409 419 2583 479 dubi,

344 513 536 584 tabat,
583 511 729 587 quin
758 510 1163 569 Romanorum
1210 530 1335 571 mos
1384 530 1515 569 cum
1562 530 1668 569 suo
1715 515 2083 587 congrueret.
2155 511 2346 585 Quam
2393 508 2584 586 opini-

340 620 517 661 onem
578 606 897 677 postquam
950 599 1161 659 falsam
1216 600 1523 677 cognovit,
1581 600 1784 673 tertia,
1849 619 2001 677 quae
2046 604 2243 659 exstat
2256 642 2270 669 ,
2329 596 2584 675 epistola

341 689 423 749 ad
466 687 751 765 Gregorii
794 707 1203 760 successorem,
1250 687 1489 765 quiquis
1532 688 1652 746 fuit
1697 688 2062 765 [Bonifatius
2106 687 2200 747 IV
2217 687 2245 745 P
2291 685 2582 762 Fleming,

341 800 401 857 p.
439 778 584 850 111,
631 783 753 836 not.
785 780 863 854 a),
910 776 1091 835 missa
1134 776 1247 835 hoc
1290 796 1473 835 unum
1518 798 1555 835 a
1600 797 1760 854 papa
1804 777 2038 854 petivit,
2083 782 2154 836 ut
2199 775 2314 834 sibi
2344 774 2584 851 suisque

338 867 549 925 liceret
596 866 851 942 amplius
894 867 1213 924 observare
1256 864 1644 924 traditionem
1687 868 1980 940 majorum
2018 867 2138 943 (ep.
2174 865 2204 921 1
2233 863 2400 922 Bibl.
2431 882 2584 920 max.

339 954 497 1027 XII,
542 976 604 1033 p.
638 954 723 1011 24
754 953 849 1030 F).
924 954 1011 1013 Et
1054 955 1372 1013 observata
1416 960 1509 1013 est
1538 974 1697 1013 anno
1725 955 1906 1013 etiam
1940 955 2088 1027 610,
2131 973 2270 1013 nam
2295 950 2585 1011 Columba

341 1045 409 1103 in
468 1043 729 1121 epistula
780 1042 910 1115 illa,
972 1061 1148 1119 quam
1204 1062 1279 1101 ex
1322 1042 1694 1104 Nannetensi
1747 1043 1894 1101 urbe
1955 1043 2033 1102 ad
2085 1041 2406 1119 discipulos
2451 1056 2586 1098 suos

342 1132 523 1204 misit,
568 1132 861 1190 hortatus·
884 1138 977 1191 est
1018 1150 1173 1203 suos,
1218 1151 1297 1189 ne
1339 1132 1744 1191 alienarentur
1786 1152 1823 1190 a
1867 1151 1980 1191 sua
2020 1130 2361 1202 traditione,
2409 1146 2586 1205 quam

342 1221 528 1281 etiam
572 1226 717 1279 tunc
760 1220 1065 1279 meliorem
1104 1219 1416 1295 judicabat
1446 1222 1561 1297 (ep.
1598 1221 1656 1278 3.
1701 1220 1863 1279 Bibl.
1893 1240 2046 1278 max.
2077 1218 2230 1291 XII,
2277 1239 2336 1296 p.
2371 1220 2451 1277 2¹7
2485 1216 2585 1290 Β).

344 1308 573 1368 Tamen
616 1308 681 1366 in
712 1308 897 1368 Italia
926 1308 1217 1368 Columba
1264 1307 1501 1368 videtur
1544 1329 1608 1367 se
1655 1311 2050 1369 conformasse
2096 1308 2174 1367 ad
2202 1326 2425 1365 morem
2454 1303 2584 1365 uni·

340 1418 551 1457 versae
592 1398 887 1469 ecclesiae,
934 1417 1071 1457 nam
1102 1398 1165 1455 in
1196 1396 1425 1469 ultima,
1476 1418 1654 1474 quam
1684 1400 1986 1470 habemus,
2035 1397 2304 1476 epistula,
2351 1416 2427 1453 ex
2454 1394 2588 1472 ipsa

344 1485 527 1546 Italia
574 1486 651 1545 ad
674 1484 1047 1545 Bonifatium
1070 1486 1167 1546 IV
1196 1506 1416 1563 papam
1446 1486 1626 1545 missa
1651 1491 1766 1566 (ep.
1794 1487 1852 1545 4.
1897 1486 2058 1545 Bibl.
2082 1506 2235 1544 max.
2253 1506 2310 1563 p.
2331 1485 2415 1542 28
2431 1484 2586 1559 sqq.)

345 1576 419 1634 de
476 1575 742 1653 paschali
804 1575 1211 1635 controversia
1264 1594 1383 1633 non
1432 1577 1559 1649 jam
1603 1574 1674 1635 fit
1719 1576 1957 1635 mentio·
2048 1574 2276 1634 Eodem
2319 1579 2588 1650 tempore

342 1664 407 1723 in
434 1662 657 1723 -Gallia
714 1663 1039 1741 discipulos
1084 1662 1409 1723 Columbae
1456 1660 1774 1723 Scotorum
1826 1663 2166 1723 celebrandi
2220 1681 2444 1720 morem
2489 1659 2588 1716 de·

344 1752 613 1830 posuisse
660 1752 1077 1855 suspicandum
1126 1759 1231 1811 est.
1322 1750 1549 1810 Tamen
1596 1752 1882 1811 nonnulla
1925 1752 2416 1828 relinquebantur
2447 1746 2587 1806 Sco-

346 1847 545 1901 torum
591 1841 851 1919 propria,
900 1860 1055 1917 quae
1086 1839 1279 1899 Gallis
1324 1839 1636 1899 offensioni
1681 1862 1808 1901 esse
1851 1838 2320 1919 possentque
2365 1839 2590 1896 factum

344 1935 454 2002 est,
484 1935 555 1987 ut
584 1950 741 1989 anno
772 1930 952 1989 etiam
986 1930 1115 1987 624
1148 1929 1331 2005 (Mab.
1354 1928 1441 2000 II,
1472 1930 1579 1989 vit.
1603 1930 1844 1989 Eustas.
1879 1932 1978 1987 10.
2009 1949 2144 1987 ann.
2171 1928 2320 1998 625,
2349 1947 2408 2003 p.
2438 1925 2590 1998 119)

346 2018 693 2095 Agroetius,
752 2018 1015 2096 perfidus
1074 2024 1137 2077 et
1195 2016 1453 2076 infidelis
1508 2018 1749 2095 quidam
1803 2016 2195 2077 Luxoviensis
2249 2010 2593 2079 monasterii

348 2106 694 2178 monachus,
756 2106 1099 2167 Eustasium
1144 2107 1423 2165 abbatem
1468 2107 1931 2179 Luxoviensem,
1989 2106 2084 2165 cui
2128 2105 2400 2165 inimicus
2443 2107 2591 2174 eti-at,

348 2214 547 2253 coram
594 2193 844 2271 synodo,
890 2195 1315 2255 Matisconensi
1358 2196 1423 2252 in
1466 2195 1616 2254 urbe
1661 2202 2050 2273 congregata,
2109 2194 2402 2275 episcopis
2446 2210 2591 2251 non·

349 2284 529 2343 nullis
584 2283 827 2360 adjutus
871 2283 1255 2343 dissensionis
1298 2284 1377 2343 ab
1422 2284 1674 2344 ecclesia
1720 2285 2008 2345 catholica
2053 2304 2328 2344 accusare
2373 2286 2593 2361 posset·

352 2372 484 2445 Qua
530 2373 594 2431 in
640 2372 863 2449 synodo
911 2372 985 2430 de
1030 2373 1197 2432 festis
1244 2372 1453 2431 diebus
1498 2374 1875 2452 paschalibus
1921 2372 2290 2433 celebrandis
2321 2392 2439 2429 non
2464 2374 2591 2446 jam

349 2462 655 2537 agebatur,
702 2469 765 2521 et
808 2463 1047 2536 ceteris,
1096 2481 1249 2539 quae
1293 2462 1566 2540 protulit,
1612 2461 1934 2540 Agrestius
1963 2463 2220 2522 minime
2265 2461 2476 2532 effecit,
2522 2465 2592 2518 ut

347 2550 699 2610 discordiam
763 2551 1106 2610 conci-taret.
1196 2550 1431 2610 Deinde
1492 2571 1565 2610 ex
1624 2571 1694 2610 eo
1755 2557 2020 2630 tempore
2072 2550 2236 2609 Galli
2293 2568 2414 2607 non
2465 2551 2592 2624 jam

350 2639 745 2698 meminerunt
776 2639 1127 2699 Columbam
1172 2646 1235 2698 et
1272 2639 1463 2698 socios
1493 2642 1622 2714 ejus
1649 2641 1834 2712 fuisse
1861 2639 2208 2718 peregrinos
2239 2645 2301 2697 et
2329 2635 2592 2695 moribus

354 2727 467 2787 sibi
521 2728 670 2806 ipsis
724 2729 973 2788 alienos:
1035 2749 1171 2787 nam
1230 2748 1381 2805 quae
1433 2728 1680 2805 propria
1731 2729 1970 2788 fuerant
2014 2727 2327 2788 Scotorum
2371 2725 2593 2804 partim

352 2817 427 2874 ab
496 2816 647 2894 ipsis
712 2817 981 2894 deposita
1040 2826 1213 2877 erant
1270 2817 1495 2894 partim
1553 2825 1796 2897 recepta
1855 2839 1892 2876 a
1953 2817 2146 2878 Gallis
2215 2818 2410 2879 aliena
2470 2836 2594 2876 esse

350 2903 665 2964 desierant.

530 2992 649 3052 Sed
708 3013 997 3070 quaenam
1054 3002 1226 3053 erant
1277 2994 1384 3053 illa
1430 2993 1744 3052 Scotorum
1798 2995 2088 3073 propria?
2177 2995 2346 3052 Haec
2398 2993 2592 3053 denuo

352 3081 461 3140 hoc
507 3081 636 3142 loco
685 3083 921 3158 exsistit
960 3082 1227 3160 quaestio
1260 3083 1431 3159 eique
1462 3082 1778 3141 solvendae
1808 3083 2000 3141 denuo
2033 3102 2274 3160 operam
2305 3087 2594 3142 navantes

356 3190 441 3242 ea,
490 3189 643 3247 quae
688 3190 869 3249 supra
902 3175 1029 3248 jam
1060 3171 1331 3243 diximus,
1380 3190 1510 3229 cum
1543 3170 2021 3231 confirmabimus
2050 3177 2178 3229 tum
2211 3170 2594 3249 explebimus.

530 3257 863 3338 Praecipua
922 3259 1417 3320 controversionis
1478 3279 1656 3318 causa
1715 3259 1894 3319 etiam
1948 3261 2060 3319 hoc
2113 3261 2242 3319 loco
2297 3260 2414 3318 fuit
2457 3257 2598 3318 festi

355 3347 649 3423 paschalis
696 3349 1075 3426 computatiO,
1122 3347 1196 3406 de
1244 3367 1361 3424 qua
1408 3369 1541 3406 cum
1587 3367 1770 3425 supra
1813 3348 1960 3408 satis
1992 3352 2115 3425 jam
2149 3347 2596 3425 disputaverim,

352 3435 417 3492 id
475 3456 658 3494 unum
718 3436 961 3511 addam,
1024 3437 1185 3515 quod
1242 3437 1387 3496 haec
1448 3437 1521 3494 de
1574 3437 1944 3497 celebrandis
1997 3437 2168 3497 festis
2220 3436 2598 3515 paschalibus

356 3522 563 3584 diebus
609 3524 897 3584 dissensio
938 3525 1085 3585 adeo
1117 3546 1307 3605 paene
1337 3545 1457 3586 una
1486 3545 1557 3583 ac
1587 3526 1716 3584 sola
1744 3526 2180 3587 controversiae
2211 3546 2390 3586 causa
2417 3526 2598 3586 fuisse

357 3611 617 3686 videtur,
680 3620 752 3673 ut
806 3613 1094 3674 Columba
1152 3615 1217 3673 in
1272 3613 1543 3693 epistulis
1597 3615 1720 3674 suis
1775 3615 1850 3674 de
1902 3615 2066 3673 nullo
2123 3614 2239 3674 alio
2287 3614 2599 3674 Scotorum

354 3719 517 3759 more
562 3702 749 3760 verba
804 3703 1041 3761 faceret.
1132 3703 1289 3762 Nam
1335 3701 1558 3762 erravit
1602 3703 1996 3780 Rettbergius
2043 3704 2154 3779 (II,
2202 3725 2260 3782 Ρ.
2311 3705 2390 3762 37
2397 3709 2421 3781 )
2467 3724 2600 3762 cum

355 3789 595 3866 putavit
639 3790 988 3850 Columbam
1035 3789 1327 3868 Gregorio
1389 3810 1580 3869 papae
1641 3792 1822 3851 etiam
1876 3794 1950 3851 de
1996 3792 2306 3852 Scotorum
2353 3799 2600 3851 tonsura

358 3877 679 3954 scripsisse.
754 3879 849 3938 De
880 3880 991 3937 hac
1019 3878 1089 3937 fit
1118 3879 1341 3939 mentio
1373 3880 1435 3937 in
1467 3879 1692 3956 synodo
1723 3881 2164 3953 Matisconensi,
2193 3881 2298 3940 sed
2328 3877 2602 3956 cognosci

357 3985 476 4024 non
520 3973 737 4044 potest,
782 3975 983 4026 utrum
1016 3967 1337 4044 Agrestius
1382 3968 1547 4028 illam
1593 3990 1720 4027 rem
1767 3970 1876 4028 soli
1917 3966 2218 4048 „reliyioni
2247 3962 2593 4028 Columba&

356 4054 460 4114 sed
490 4056 673 4114 etiam
694 4055 977 4116 Eustasio
1009 4056 1242 4115 crimini
1267 4057 1499 4117 dederit
1522 4058 1652 4133 (vit.
1677 4057 1914 4116 Eustas.
1946 4058 2024 4115 12
2049 4056 2208 4115 Mab.
2230 4055 2318 4129 II,
2342 4077 2401 4134 p.
2432 4057 2601 4131 120),

356 4144 647 4204 nescimus
712 4145 863 4204 enim
881 4190 895 4219 ,
959 4145 1196 4222 quando
1239 4145 1649 4205 Luxovienses
1704 4164 1926 4205 morem
1979 4145 2146 4204 illum
2205 4145 2602 4222 deposuerint.

359 4229 617 4305 CeteriS,
682 4253 831 4308 quae
885 4235 1255 4312 proferebat,
1315 4229 1638 4312 Agroetius
1690 4233 1912 4312 partim
1965 4234 2230 4312 regulam
2279 4233 2602 4294 Columbae

356 4319 741 4399 vituperavit,
786 4321 859 4381 de
906 4344 1023 4400 qua
1067 4323 1224 4382 infra
1270 4322 1583 4381 dicendum
1629 4329 1736 4396 est,
1783 4323 2006 4402 partim
2050 4323 2138 4381 nil
2168 4322 2284 4382 nisi
2314 4323 2483 4398 ritus,
2530 4344 2604 4384 ex
