3167 4900
1517 243 1953 300 ...28—

623 423 821 502 aliquo
862 426 999 498 jure
1045 422 1246 502 putari
1291 428 1492 500 potest
1535 422 1747 480 horum
1778 421 2093 481 Britonum
2140 420 2450 500 episcopus
2483 423 2587 499 (Η.
2619 421 2737 480 and
2768 421 2855 482 St.

619 514 657 570 l.
703 533 751 570 6.
798 511 994 571 Skene
1039 511 1124 584 II,
1169 532 1228 588 p.
1277 513 1405 588 29).

798 600 999 660 Ceteri
1048 600 1327 659 Britones
1371 599 1678 658 Romanae
1740 600 2018 660 ecclesiae
2074 620 2193 658 non
2238 600 2405 678 prius
2450 620 2629 677 quam
2673 619 2857 678 regno

617 689 956 767 Anglorum
1015 689 1263 748 adunati
1318 696 1471 748 sunt.
1566 689 1741 762 Quod
1786 688 1873 747 ita
1928 690 2193 747 futurum
2240 709 2363 748 esse
2408 689 2695 768 apparuit
2733 692 2860 766 jam

617 799 772 839 anno
823 778 967 837 705.
1043 777 1175 852 Quo
1222 797 1377 837 anno
1425 779 1522 854 (cf.
1567 777 1649 836 Η.
1694 777 1812 836 and
1859 777 1948 837 St.
1977 777 2098 851 ΙΙΙ,
2145 800 2203 856 p.
2246 773 2401 855 268)
2446 798 2577 836 611111
2609 776 2859 837 Α1111161-

619 888 774 941 111116,
831 869 1018 927 abbas
1063 867 1580 926 Malmesburensis
1621 867 1871 943 jubente
1916 866 2177 942 6511161161
2220 867 2283 926 111
2326 867 2545 926 finibus
2590 867 2857 927 occiden-

617 956 827 1016 talium
884 955 1187 1016 Saxonum
1247 961 1609 1034 congregata
1666 953 1959 1015 Geruntio
2020 957 2149 1033 regi
2192 956 2565 1016 Damnoniae
2625 957 2860 1016 litteras

620 1045 874 1106 misisset
921 1045 990 1121 (J
991 1045 1120 1118 affe,
1167 1044 1326 1104 Bibl.
1365 1066 1480 1104 rer.
1515 1043 1715 1104 Germ.
1748 1044 1869 1118 HI,
1918 1065 2008 1122 ep.
2046 1047 2126 1122 1),
2172 1045 2389 1121 quibus
2434 1045 2626 1123 ipsum
2658 1065 2857 1122 regem

619 1138 680 1192 et
711 1133 992 1193 Britones
1038 1135 1094 1193 ei
1137 1134 1406 1194 subditos
1437 1134 1715 1193 ecclesiae
1744 1134 2052 1192 Romanae
2083 1135 2493 1194 reconciliaret
2528 1169 2603 1178 -
2640 1135 2859 1208 verbis,

617 1223 810 1296 credo,
855 1223 1255 1302 asperioribus
1303 1225 1400 1300 (cf.
1431 1223 1652 1300 Bright
1696 1244 1754 1300 p.
1789 1223 1943 1299 421)
1980 1231 2061 1268 -‘-
2094 1223 2243 1282 adeo
2288 1243 2527 1300 operam
2574 1223 2855 1302 perdidit,

617 1318 686 1370 ut
743 1311 894 1370 nulli
939 1312 1256 1371 Britonum
1311 1312 1512 1371 verbis
1567 1314 1693 1387 ejus
1740 1312 2221 1389 obtemperarent
2267 1312 2383 1370 nisi
2426 1313 2496 1384 ii,
2558 1311 2663 1389 qui
2708 1312 2855 1371 occi-

619 1400 958 1460 dentalibus
990 1399 1326 1460 Saxonibus
1366 1405 1492 1476 jam
1537 1401 1792 1477 subjecti
1838 1408 2008 1460 erant
2054 1401 2114 1477 (i.
2162 1422 2209 1460 6.
2256 1401 2329 1474 61,
2376 1402 2480 1477 qui
2520 1401 2859 1461 incolebant

617 1489 936 1564 regionem,
985 1489 1079 1548 6111
1123 1489 1298 1549 1161116
1328 1511 1541 1548 nomen
1573 1496 1665 1548 est
1695 1487 2004 1561 Somerset,
2037 1489 2205 1548 Beda
2233 1491 2290 1548 h.
2324 1511 2371 1548 6.
2407 1489 2463 1563 5,
2503 1491 2581 1549 18
2614 1491 2651 1568 ξ
2684 1491 2856 1567 410),

614 1577 659 1634 ii
707 1583 905 1637 autem
937 1577 1216 1637 Britones
1263 1579 1364 1654 qui
1410 1579 1691 1638 libertate
1737 1579 1917 1637 etiam
1964 1585 2108 1638 tunc
2152 1580 2506 1638 fruebantur
2546 1577 2856 1639 dometieo

616 1663 730 1724 sibi
779 1664 914 1727 odio
955 1675 1182 1748 yentem
1227 1663 1564 1749 Anylorum
1609 1676 1661 1728 et
1704 1666 1877 1727 totius
1921 1665 2182 1728 ecclesiae
2226 1676 2442 1728 statum
2477 1664 2705 1750 paseha
2746 1666 2878 1727 im·-

609 1773 881 1835 puynare
924 1763 1242 1833 pergerent
1288 1757 1479 1833 (Beda
1525 1757 1582 1814 h.
1616 1777 1663 1814 e.
1699 1756 1755 1829 5,
1806 1759 1887 1815 23
1937 1759 1972 1834 ἓ
2020 1757 2175 1834 451)
2220 1791 2297 1800 --
2332 1757 2519 1817 donec
2550 1756 2856 1833 Egbertus

617 1864 722 1902 rex
768 1844 939 1904 bellis
987 1865 1140 1904 anno
1189 1845 1334 1918 813,
1385 1845 1533 1918 823,
1581 1845 1712 1904 825
1760 1846 1942 1921 gestis
1973 1845 2369 1904 Damnoniam
2416 1865 2599 1924 regno
2648 1866 2754 1905 suo
2796 1853 2857 1904 et

617 1933 896 1992 ecclesiae
945 1934 1250 1992 Romanae
1297 1934 1572 2011 adjunxit
1618 1933 1761 2010 (vid.
1807 1935 1887 1992 Η.
1934 1935 2052 1992 and
2098 1933 2186 1994 St.
2232 1935 2285 2008 I,
2331 1956 2387 2013 p.
2440 1935 2567 1993 673
2614 1937 2744 2012 sq.).

793 2021 1082 2082 Similiter
1123 2023 1188 2080 in
1221 2023 1517 2096 Cambria,
1565 2025 1732 2098 cujus
1778 2023 2040 2101 episcopi
2079 2026 2205 2099 jam
2250 2015 2413 2082 intra
2458 2044 2676 2083 annum
2727 2023 2852 2083 755

615 2117 676 2169 61
723 2111 850 2169 809
899 2111 960 2169 vi
1007 2111 1198 2170 coacti
1244 2133 1279 2170 a
1308 2111 1680 2172 Saxonibus²
1722 2113 1943 2190 partim
1974 2112 2307 2171 Romanum
2352 2113 2573 2190 pascha
2612 2133 2855 2191 accepe-

611 2206 768 2273 rant,
815 2199 1118 2260 schismati
1161 2201 1337 2260 simul
1385 2221 1516 2260 cum
1555 2201 1837 2260 libertate
1879 2203 1953 2260 ab
1996 2200 2202 2260 eodem
2232 2201 2501 2278 Egberto
2534 2222 2689 2260 anno
2724 2203 2851 2260 816

611 2287 746 2347 finis
790 2289 1102 2367 impositus
1145 2293 1250 2348 est.
2052 2353 2058 2360 ,

790 2377 886 2436 Ex
916 2378 1007 2437 his
1039 2378 1311 2438 omnibus
1344 2398 1476 2436 cum
1509 2383 1799 2458 appareat
1828 2379 2293 2440 controversiam
2324 2380 2483 2439 inter
2515 2379 2853 2458 Anglorum

612 2473 673 2527 et
702 2467 1022 2528 Britonum
1061 2469 1332 2528 ecclesias
1363 2468 1562 2547 potius
1594 2468 1775 2527 fuisse
1807 2469 2025 2527 bellum
2058 2469 2216 2527 inter
2244 2470 2419 2529 hasce
2450 2470 2597 2529 duas
2628 2476 2852 2547 gentes,

610 2557 988 2617 manifestum
1037 2562 1126 2617 est
1181 2557 1562 2617 dissensionis
1609 2558 2037 2618 ecclesiasticae
2083 2558 2532 2635 amplitudinem
2579 2578 2687 2618 1166
2734 2578 2849 2617 non

609 2666 780 2721 posse
827 2645 1027 2705 metiri
1075 2646 1511 2706 controversiae
1559 2646 1902 2707 acerbitate.
1994 2646 2165 2705 Inter
2212 2646 2487 2707 ecclesias
2531 2648 2851 2707 Britonum

611 2740 672 2793 et
703 2732 1236 2811 Anglo-Saxonum
1280 2734 1565 2794 dissensio
1613 2756 1731 2793 non
1778 2742 1907 2794 erat
1952 2736 2065 2795 nisi
2113 2736 2186 2795 de
2231 2736 2672 2814 computatione
2714 2735 2853 2797 festi

609 2822 903 2899 paschalis
949 2829 1010 2883 61
1057 2823 1129 2881 de
1176 2823 1472 2882 nonnullis
1517 2824 1735 2883 ritibus
1780 2824 2206 2884 ecclesiasticis.

785 2911 952 2989 Ergo
999 2932 1371 2989 nequaquam
1417 2932 1525 2990 pro
1554 2912 1689 2987 fide,
1739 2913 1839 2972 vix
1868 2933 1977 2992 pro
2010 2914 2287 2988 moribus,
2336 2921 2497 2974 certo
2529 2936 2639 2994 pro
2670 2916 2847 2975 liber-

606 3005 732 3059 tate
775 2997 1060 3061 Britones
1103 3022 1237 3061 cum
1283 3000 1621 3062 Saxonibus
1667 3010 2103 3081 pugnaverunt.

784 3090 992 3169 Longe
1040 3090 1218 3150 aliter
1255 3089 1641 3168 judicandum
1689 3098 1779 3151 est
1810 3092 1882 3150 de
1915 3093 2315 3153 controversia
2346 3093 2503 3153 inter
2534 3093 2849 3153 Scotorum

608 3184 670 3237 et
727 3177 1066 3257 Anglorum
1127 3180 1418 3239 ecclesias.
1526 3180 1879 3256 Quanquam
1942 3182 2097 3239 enim
2157 3183 2454 3260 permulta
2516 3185 2849 3243 communia

606 3268 786 3327 fuisse
817 3268 1098 3328 ecclesiae
1130 3266 1445 3329 Scotorum
1478 3276 1538 3329 et
1567 3269 1887 3328 Britonum
1919 3290 2089 3329 nemo
2124 3278 2231 3345 est,
2263 3272 2366 3346 qui
2398 3278 2590 3349 neget,
2633 3279 2852 3347 tamen,

607 3355 711 3431 qui
769 3357 992 3415 fuerint
1051 3358 1359 3433 utriusque
1421 3378 1640 3432 mores,
1700 3359 1877 3435 plane
1938 3360 2211 3435 cognosci
2256 3381 2375 3419 non
2420 3367 2621 3438 potest
2667 3362 2716 3420 si
2772 3396 2845 3405 ——·

607 3444 765 3519 quod
809 3444 1082 3521 plurimis
1127 3446 1370 3523 placuit,
1418 3468 1534 3506 non
1583 3468 1720 3507 vero
1768 3447 1915 3507 viris
1961 3448 2317 3507 doctissimis
2361 3449 2440 3510 Η.
2488 3450 2606 3508 and
2653 3448 2742 3509 St.
2792 3456 2855 3509 et

606 3539 810 3593 nostro
845 3532 1136 3594 Schoellio
1169 3534 1271 3594 sed
1303 3536 1456 3612 proh
1486 3536 1685 3595 dolor!
1727 3536 1873 3615 ipsis
1904 3536 2047 3597 viris
2076 3557 2301 3597 summa
2335 3538 2639 3597 doctrinae
2675 3539 2853 3597 laude

609 3621 831 3697 dignis,
890 3622 1169 3701 Brightio
1231 3628 1289 3683 et
1333 3623 1651 3684 Warrenio
1698 3660 1783 3669 —
1830 3646 1949 3683 una
1996 3633 2057 3685 et
2104 3627 2305 3685 eadem
2353 3628 2852 3687 commentatione

755 3851 776 3881 ²
815 3848 982 3903 Hanc
1019 3850 1295 3917 synodum
1333 3852 1569 3904 eandem
1609 3867 1744 3915 esse,
1800 3852 1891 3905 cui
1930 3851 2277 3907 Winfridum
2314 3854 2635 3907 interfuisse
2672 3854 2853 3909 refert

619 3920 978 3974 Willibaldus
1025 3922 1126 3975 vit.
1165 3922 1306 3975 Bon.
1349 3920 1524 3987 Jaffe,
1580 3921 1732 3975 Bibl.
1772 3940 1881 3976 rer.
1924 3922 2111 3977 Germ.
2150 3922 2261 3989 III,
2303 3943 2359 3991 p.
2399 3925 2503 3979 439
2542 3926 2661 3979 sine
2693 3927 2852 3995 justa

611 4010 780 4045 causa
817 3991 1031 4061 opinati
1069 3996 1201 4046 sunt
1239 3992 1316 4047 Η.
1359 3993 1468 4045 and
1508 3992 1591 4046 St.
1634 3992 1681 4056 I,
1724 4010 1783 4061 p.
1824 3992 1929 4048 674
1965 3998 2082 4051 not.
2121 3996 2176 4050 b.

753 4064 776 4095 ²
815 4064 958 4117 Brut
995 4081 1028 4131 y
1054 4062 1426 4135 Tywysogion
1467 4065 1563 4134 (de
1604 4080 1713 4134 quo
1748 4064 1898 4119 libro
1924 4066 2037 4119 vid.
2067 4065 2461 4135 Lappenberg,
2505 4066 2707 4121 Gesch.
2736 4086 2851 4122 von

609 4134 820 4205 Engld.
859 4154 914 4204 p.
944 4134 1171 4204 XLIH)
1209 4154 1257 4189 a.
1287 4136 1340 4189 d.
1370 4134 1504 4191 755:
1543 4138 1719 4191 caster
1754 4152 1867 4191 was
1902 4136 2139 4207 changed
2160 4136 2223 4191 in
2250 4136 2527 4206 Gywnedd
2553 4138 2649 4207 (cf.
2680 4157 2851 4208 supra

611 4224 668 4272 p.
710 4207 802 4274 13)
839 4205 908 4275 by
945 4206 1030 4259 the
1067 4207 1247 4261 advice
1282 4206 1348 4275 of
1366 4206 1552 4273 Elvod‚
1592 4207 1805 4275 bischop
1842 4209 1913 4273 of
1927 4207 2055 4262 Ban
2090 4224 2167 4273 or,
2206 4207 2301 4261 but
2324 4208 2409 4261 the
2433 4210 2582 4263 other
2606 4209 2851 4279 bischops

610 4276 704 4329 did
739 4280 836 4331 not
869 4292 1068 4331 concur
1105 4278 1310 4333 therein
1318 4294 1340 4345 ,·
1377 4294 1448 4332 on
1481 4278 1651 4333 which
1682 4282 1911 4333 account
1934 4279 2019 4332 the
2082 4295 2257 4333 amon-s
2280 4278 2507 4334 invaded
2533 4281 2618 4335 the
2645 4282 2852 4353 Cymry

611 4346 673 4399 in
708 4346 877 4401 South
913 4346 1093 4402 Wales
1133 4348 1236 4417 (H.
1276 4350 1388 4403 and
1423 4348 1502 4403 St.
1532 4350 1584 4415 I,
1614 4367 1676 4419 p.
1704 4352 1828 4405 204
1868 4350 2199 4405 translatum
2235 4367 2305 4405 ex
2340 4367 2581 4407 sermone
2608 4352 2846 4424 Celtico).
