3167 4900
1489 230 1969 287 -106—

614 407 947 467 Perfectior
976 428 1119 485 ergo
1148 407 1277 468 vita
1321 408 1720 479 eremitarum,
1768 406 1870 467 sed
1899 406 2111 465 melior
2141 425 2210 464 ac
2237 405 2477 487 quidem
2509 404 2863 483 disciplinae

574 520 579 527 ·
616 516 793 556 causa
851 496 981 557 vita
1036 496 1395 557 coenobialis
1440 495 1760 555 videbatur
1819 514 1948 555 esse
2007 494 2349 554 Columbae.
2411 494 2515 552 ·In
2563 492 2864 554 coenobiis

614 586 803 663 igitur
860 585 1133 645 monachi
1192 588 1320 661 ejus
1365 584 1652 645 vivebant
1695 585 1852 644 votis
1910 583 2210 662 impediti,
2282 583 2594 659 quominus
2657 571 2862 643 invitis

616 674 935 734 abbatibus
980 674 1237 757 primum
1284 673 1684 733 conversionis
1728 675 1922 732 locum
1967 673 2388 748 relinquerent.
2458 671 2544 731 Et
2565 678 2865 731 ‘votorum

618 784 769 841 quae
816 770 945 823 erat
990 762 1122 823 vis?
1191 762 1379 821 Irrita
1422 762 1553 820 fieri
1600 769 1908 847 poterant,
1969 782 2132 835 nam,
2197 760 2300 837 qui
2361 760 2695 837 corrigendi
2739 781 2863 820 non

617 859 817 926 erant,
887 871 985 912 eos
1035 872 1154 910 non
1211 851 1387 910 aliter
1428 857 1613 928 atque
1657 842 2021 909 Benedictus
2067 849 2438 930 cassinensis
2483 852 2633 926 (reg.
2681 870 2727 907 3.
2745 850 2860 907 28

616 943 891 1014 Holsten,
938 940 1064 999 cod.
1094 960 1221 1017 reg.
1250 938 1337 1013 ΙΙ,
1367 961 1426 1018 p.
1462 940 1545 998 35
1582 974 1662 984 —
1699 958 2012 1019 perperam
2043 939 2220 998 aliter
2248 938 2576 1011 Ebrardus,
2622 960 2682 1017 p.
2717 938 2863 1011 233,

618 1033 690 1090 cf.
744 1032 868 1088 196
912 1032 1027 1107 sq.)
1074 1030 1148 1087 de
1192 1030 1445 1089 fratrum
1492 1029 1734 1089 cohorte
1778 1028 2070 1088 removeri
2108 1019 2306 1103 jussit,
2353 1027 2460 1087 sed
2503 1027 2615 1087 nisi
2664 1026 2726 1085 in
2775 1048 2862 1085 re-

616 1118 925 1179 movendis
954 1124 1098 1177 vota
1127 1117 1387 1177 rescindi
1432 1138 1551 1177 non
1599 1123 1896 1197 poterant.
1958 1117 2114 1176 Nam
2158 1116 2210 1176 si
2255 1102 2560 1175 monacbis
2603 1116 2866 1195 licuisset

618 1228 725 1268 3113
770 1213 981 1288 sponte
1026 1208 1279 1266 fratrum
1325 1208 1420 1266 vel
1476 1226 1744 1267 sororum
1804 1206 2148 1265 societatem
2203 1205 2558 1282 relinquere,
2614 1238 2703 1249 -—
2729 1212 2868 1262 'cur

617 1297 771 1356 duae
823 1296 959 1354 illae
1013 1295 1300 1373 virgines,
1370 1295 1445 1354 de
1500 1296 1719 1374 quibus
1761 1296 1953 1355 Jonas
2007 1292 2366 1353 mentionem
2421 1293 2566 1376 fecit
2620 1293 2684 1351 in
2729 1292 2866 1353 'vita

618 1384 1113 1463 Burgundofarae
1161 1387 1233 1459 (c.
1272 1384 1369 1456 15,
1414 1405 1474 1461 p.
1507 1385 1684 1461 446),
1732 1386 1881 1443 clam
1927 1404 1990 1443 se
2035 1382 2542 1442 subduxerunt?
2790 1389 2794 1399 '

796 1472 871 1531 In
917 1472 1010 1531 his
1056 1472 1251 1531 adhuc
1294 1472 1444 1531 nihil
1492 1466 1806 1533 Scotorum
1850 1472 2176 1551 proprium.
2267 1471 2360 1531 Ne
2415 1471 2716 1549 duplicius·
2735 1470 2866 1547 qui·

620 1563 754 1621 dem
814 1562 1177 1621 monasteria
1237 1560 1550 1623 Scotorum
1605 1562 1850 1640 propria
1906 1561 2087 1621 fuisse
2131 1560 2430 1619 videntur.
2522 1559 2869 1619 Invenimus

621 1672 693 1710 ea
736 1651 801 1709 in
845 1648 1189 1723 Britannia,
1248 1650 1638 1711 inveniuntur
1682 1652 1862 1710 etiam
1917 1650 2078 1729 apud
2125 1649 2454 1709 Columbae
2513 1648 2704 1708 socios
2764 1648 2872 1707 sed

619 1739 866 1813 rariora,
908 1746 981 1798 ut
1026 1740 1254 1817 opinor,
1303 1761 1482 1818 quam
1526 1740 1840 1800 Ebrardus
1885 1742 1968 1818 (p.
2003 1739 2132 1797 203
2165 1741 2322 1815 sqq.)
2369 1744 2456 1811 et,
2518 1738 2619 1815 qui
2667 1737 2731 1795 in
2774 1736 2871 1796 1113

620 1828 799 1887 fidem
853 1828 941 1887 illi
995 1828 1233 1901 habuit,
1302 1828 1672 1905 Loeningins
1717 1828 1835 1904 (Π,
1882 1849 1941 1906 p.
1974 1828 2130 1904 430)
2191 1826 2644 1931 videntur-'pro
2705 1831 2871 1885 certo

620 1917 867 1990 habere,
928 1937 1067 1976 nam
1116 1938 1190 1975 ex
1235 1917 1309 1977 iis
1354 1917 1754 1989 monasteriis,
1816 1936 1970 2021 quae
2007 1937 2060 1975 a
2119 1914 2294 1976 sociis
2347 1916 2472 1976 vel'
2497 1914 2708 1973 amicis
2754 1914 2871 1973 Oo-

622 2006 861 2065 lumbae
906 2005 1147 2065 condita
1191 2012 1347 2079 sunt,
1394 2007 1523 2066 sola
1568 2006 1736 2078 haec,
1783 2006 1902 2068 nisi
1947 2005 2148 2077 fallor,
2195 2004 2460 2105 duplicia
2505 2011 2701 2063 erant.
2747 2022 2872 2062 mo-

622 2095 949 2155 nasterium
978 2094 1025 2154 J
1023 2115 1197 2155 orani
1226 2095 1446 2155 montis
1490 2096 1591 2170 (cf.
1619 2094 2096 2166 Montalembert,
2141 2094 2229 2151 les
2273 2094 2510 2153 moines
2542 2092 2598 2151 d'
2601 2073 2877 2151 occident

621 2182 709 2256 ΙΙ,
753 2203 813 2260 p.
848 2183 995 2255 597,
1042 2183 1251 2257 Varin,
1296 2190 1470 2243 mem.
1520 2185 1577 2256 2,
1623 2204 1682 2261 p.
1720 2184 1891 2258 181),
1935 2182 2578 2241 Faraemonasterium
2595 2181 2874 2257 mental.

624 2294 683 2351 p.
732 2272 886 2344 614,
933 2271 1126 2331 Varin
1172 2272 1210 2332 l.
1258 2276 1351 2349 c.),
1411 2272 1710 2330 Habenda
1769 2272 2041 2347 (Montal.
2097 2292 2155 2349 p.
2207 2272 2380 2347 631),
2447 2269 2876 2329 monasterinm
2915 2287 2930 2295 ·

623 2360 929 2419 Dervense
976 2360 1247 2435 (Montal.
1293 2383 1351 2440 p.
1387 2360 1533 2435 611,
1580 2362 1655 2419 cf.
1695 2359 1970 2437 Loening
1999 2359 2088 2433 Π,
2134 2382 2192 2438 p.
2226 2360 2360 2418 431
2387 2366 2512 2419 not.
2541 2360 2630 2436 2).
2721 2344 2874 2417 Pro·

624 2447 759 2529 pria
790 2470 929 2509 vero
961 2449 1270 2510 Scotorum
1318 2450 1501 2510 fuisse
1545 2449 1887 2526 hujusmodi
1931 2449 2294 2510 monasteria
2325 2449 2470 2508 mihi
2509 2447 2873 2527 persuadere

625 2559 744 2598 non
790 2539 978 2618 potui.
1040 2538 1255 2599 Varini
1301 2540 1475 2613 enim,
1522 2539 1628 2617 qui
1674 2542 1869 2615 (mem.
1903 2540 1966 2620 2,
2007 2559 2067 2616 p·.
2105 2537 2482 2615 165-204)
2526 2538 2707 2615 primi
2747 2540 2876 2613 jam

625 2628 803 2704 hujus
848 2627 1083 2705 generis
1127 2629 1191 2686 in
1236 2626 1438 2688 Gallia
1482 2627 1856 2700 monasterii,
1917 2627 2290 2686 Pictavensis
2303 2670 2320 2701 ,
2381 2627 2581 2685 medio
2641 2627 2878 2685 3333313

628 2723 795 2778 sexto
841 2737 878 2775 a
922 2716 1293 2792 Radegunde
1346 2717 1553 2794 regina
1599 2716 1850 2788 conditi,
1911 2716 2204 2800 originem
2258 2735 2294 2774 a
2349 2713 2548 2774 Sectis
2599 2718 2875 2793 repeten-

626 2807 765 2866 dam
820 2825 946 2865 esse
1001 2806 1254 2874 censuit,
1313 2812 1668 2882 argumenta
1722 2804 1994 2864 doctiora
2040 2809 2218 2882 quam
2275 2803 2644 2883 simpliciora
2683 2821 2876 2878 neque

626 2893 775 2954 mihi
819 2912 1038 2970 neque,
1098 2898 1168 2952 ut
1212 2892 1474 2966 videtur,
1520 2894 1854 2971 Loeningio
1901 2893 2014 2974 (Π,
2060 2916 2120 2973 p.
2137 2894 2310 2971 430)
2357 2893 2432 2952 (13
2477 2894 2588 2952 hac
2631 2911 2698 2951 re
2723 2897 2874 2969 p'er-

628 2983 877 3043 suadere
921 2987 1262 3063 potuerunt.
1322 2983 1477 3043 Nam
1524 3004 1655 3043 cum
1704 3003 1927 3043 morem
1973 2983 2140 3041 illum
2187 2983 2252 3041 in
2298 2982 2528 3042 oriente
2576 2980 2874 3042 exstitisse

630 3075 877 3146 constet,
922 3071 1080 3130 unde
1124 3091 1259 3130 eum
1306 3071 1367 3131 in
1398 3072 1756 3130 Hiberniam
1804 3078 1866 3131 et
1909 3073 1973 3130 in
2019 3071 2377 3148 Hispaniam
2419 3071 2507 3148 (V
2507 3091 2656 3144 ann,
2701 3077 2873 3129 mem.

632 3163 689 3234 2,
737 3181 796 3239 p.
848 3162 1001 3236 170)
1046 3167 1437 3220 transmeasse
1483 3180 1674 3237 neque
1720 3160 1984 3220 Varinus
2031 3160 2304 3237 negavit,
2373 3168 2878 3239 supervacaneum

630 3269 758 3310 esse
803 3250 1044 3310 videtur
1100 3249 1425 3327 duplicium
1484 3249 1547 3307 in
1595 3249 1796 3308 Gallia
1855 3247 2351 3309 monasteriorum
2411 3249 2702 3326 originem
2745 3247 2876 3306 cir·

631 3339 889 3399 cuitione
948 3337 1203 3415 quadam
1264 3359 1301 3396 a
1360 3337 1554 3398 Scotis
1613 3344 1900 3418 repetere.
1991 3337 2342 3411 Praeterea,
2413 3338 2526 3397 etsi
2585 3342 2876 3416 ponamus

631 3426 1030 3499 Fridolinum,
1093 3425 1362 3500 Scotum,
1422 3447 1636 3488 revera
1677 3427 2018 3487 Pictavium
2063 3427 2434 3506 pervenisse,
2501 3433 2703 3486 tamen
2749 3423 2877 3484 sine

632 3515 815 3573 dubio
868 3515 1090 3574 saeculi
1148 3515 1302 3575 sexti
1358 3517 1729 3595 temporibus
1791 3515 2108 3576 Scotorum
2167 3517 2232 3574 in
2291 3515 2494 3575 Gallia
2551 3513 2880 3574 auctoritas

632 3608 806 3661 tanta
848 3622 966 3661 non
1014 3611 1161 3678 erat,
1206 3611 1278 3663 ut
1320 3625 1541 3664 morem
1581 3625 1827 3682 prorsus
1855 3622 2075 3666 novum
2108 3611 2170 3664 et
2198 3604 2534 3663 inauditum
2580 3604 2644 3663 in
2676 3602 2879 3663 Gallia

631 3691 984 3751 inducerent
1027 3711 1277 3768 eumque
1320 3693 1500 3752 talem
1513 3737 1527 3766 ,
1590 3697 1756 3770 cujus
1798 3694 1932 3772 ipsa
1975 3699 2194 3753 1131313
2238 3693 2512 3753 idoneam
2556 3691 2877 3771 reprehen-

633 3780 817 3840 sionis
860 3800 1067 3839 ansam
1109 3781 1271 3839 ultro
1315 3783 1632 3857 praeberet
1674 3783 2132 3861 impugnaturis.
2221 3781 2436 3860 Neque
2489 3782 2692 3840 eadem
2747 3784 2879 3838 erat

634 3869 796 3948 apud
828 3867 1037 3928 Seotos
1080 3869 1433 3928 instituendi
1464 3871 1826 3932 monasteria
1857 3871 2120 3949 duplicia
2150 3871 2308 3930 ratio
2339 3877 2520 3948 atque
2563 3871 2627 3928 in
2659 3867 2878 3928 Gallia.

634 3958 823 4038 Apud
853 3956 1064 4018 Scotos
1095 3958 1249 4017 enim
1280 3978 1401 4018 una
1445 3961 1749 4020 abbatissa
1796 3965 1858 4019 et
1904 3979 2171 4019 sororum
2219 3965 2282 4019 et
2323 3960 2579 4017 fratrum
2627 3956 2878 4034 collegio

633 4054 911 4126 praeerat
955 4048 1053 4123 (cf.
1085 4067 1265 4125 supra
1295 4069 1355 4127 p.
1389 4049 1517 4126 81),
1562 4050 1628 4108 111
1660 4047 1860 4109 Gallia
1904 4049 2109 4127 priora
2153 4048 2492 4126 hujusmodi
2522 4045 2882 4106 monasteria

633 4142 698 4196 et
741 4136 999 4215 primum
1058 4136 1299 4212 quidem
1357 4138 1782 4198 monasterium
1824 4137 2184 4199 Pictavense
2244 4135 2569 4214 separatim
2629 4134 2879 4194 admini-

636 4231 830 4284 strata
873 4225 988 4284 nisi
1033 4225 1297 4284 locorum
1341 4226 1794 4304 propinquitate
1841 4229 2117 4305 copulata
2178 4232 2240 4286 et
2299 4225 2362 4283 in
2419 4245 2603 4283 unum
2662 4243 2879 4302 corpus

636 4317 952 4390 conjuncta
996 4333 1115 4373 non
1162 4320 1359 4388 313111,
1419 4316 1817 4393 posteriorum
1873 4316 2156 4376 nonnulla
2201 4319 2272 4373 ut
2317 4315 2622 4374 Dervense
2667 4313 2758 4371 ita
2804 4313 2882 4370 ab
