3167 4900
1434 218 1914 277 —loo—

554 419 649 457 me
709 398 983 472 neglecta
1034 396 1293 461 Ebrardi
1350 395 1756 463 admonitione
1799 396 1880 472 (p.
1933 394 2088 469 206)
2131 393 2426 468 judicare:
2471 394 2806 455 absurdum

558 507 685 547 esse
729 491 945 565 putare
990 486 1305 545 monachos
1349 504 1613 559 unquam
1647 485 1742 543 vel
1786 502 2036 559 usquam
2083 483 2144 541 in
2193 483 2439 543 ecclesia
2483 482 2708 543 vixisse
2735 482 2803 541 in

554 574 839 651 legitimis
868 574 1277 634 matrimoniis.
1332 573 1644 632 Scotorum
1677 592 1816 632 vero
1850 571 2168 631 monachos
2191 570 2562 647 virginitatis
2593 577 2802 631 votum

558 664 881 739 suscepisse
926 661 1099 721 testis
1138 665 1263 737 jam
1312 668 1403 721 est
1454 695 1527 705 -—
1580 661 1726 723 mihi
1775 660 2015 737 quidem
2076 680 2184 719 nec
2242 660 2438 719 minus
2481 660 2600 738 ipsi
2645 659 2804 721 Loe-

554 752 760 828 ningio
808 750 1231 828 (11‚p.426)
1280 784 1363 795 --
1412 749 1738 809 Columbae
1792 750 2034 825 ¹regulae
2096 755 2276 825 caput
2323 748 2482 819 VI,
2487 748 2584 819 ,de
2627 747 2803 808 casti-

558 847 733 909 tate“,
781 860 917 898 nam
964 840 1161 897 verbis
1208 840 1325 900 illis
1372 837 1561 919 „quid
1614 837 1858 916 prodest
1915 836 2081 917 virqo
2141 856 2412 915 corpore,
2473 836 2528 899 εἰ
2567 855 2714 898 non
2729 836 2806 896 sit

558 927 724 1009 virye
768 934 995 987 πωπω(
1042 927 1228 1002 (Bibl.
1274 948 1425 992 max.
1472 927 1636 1000 XII,
1681 948 1739 1005 p.
1789 927 1856 1004 4)
1903 924 2196 985 Columba
2251 946 2391 987 usus
2425 946 2568 985 -non
2630 936 2801 998 esset,
2827 970 2834 983 ‚

558 1017 674 1077 nisi
719 1021 1017 1093 sperasset
1062 1036 1262 1079 omnes
1308 1037 1444 1079 suos
1489 1017 1808 1077 monachos
1863 1034 1988 1076 esse
2043 1012 2291 1095 virytbtee
2347 1033 2606 1093 empore.
2700 1014 2806 1075 Se

559 1106 753 1165 cunda
810 1104 983 1163 testis
1044 1110 1145 1163 est
1176 1126 1405 1165 summa
1464 1106 1570 1164 illa
1631 1105 1988 1174 auctoritaie,
2053 1124 2170 1180 qua
2215 1102 2306 1163 St.
2351 1104 2808 1178 Hieronymum,

558 1193 925 1271 virginitatis
970 1214 1337 1271 praeconem,
1384 1194 1545 1271 apud
1591 1192 1802 1255 Scotos
1846 1193 2106 1269 viguisse
2151 1212 2332 1270 supra
2371 1195 2500 1267 jam
2545 1192 2808 1252 vidimus
2909 1270 2914 1275 ι

562 1284 659 1359 (cf.
706 1302 889 1359 supra
932 1302 990 1359 p.
1028 1283 1155 1359 94),
1201 1284 1383 1343 tertia
1415 1283 1672 1359 denique
1719 1283 1890 1343 testis
1919 1287 2049 1341 tota
2081 1280 2190 1341 Sti.
2225 1280 2548 1339 Columbae
2593 1281 2806 1357 religio

560 1373 657 1431 vel
687 1372 1005 1447 theologia,
1063 1370 1263 1431 Unum
1312 1370 1567 1433 sufficiat
1611 1370 2036 1432 testimonium.
2099 1369 2389 1429 Columba
2435 1370 2620 1442 enim,
2640 1379 2807 1447 post·

562 1480 740 1537 quam
788 1459 945 1520 dixit
988 1461 1105 1536 (ep.
1156 1460 1215 1531 2,
1260 1482 1317 1538 p.
1369 1461 1450 1517 26
1500 1460 1581 1536 Β)
1629 1466 1905 1537 oportere
1950 1478 2058 1518 nos
2105 1478 2230 1519 esse
2274 1465 2488 1530 castos,
2535 1458 2806 1530 humiles,
2862 1524 2886 1545 x

561 1548 887 1627 placabiles
932 1547 1085 1611 sicut
1128 1549 1411 1625 parvulos
1456 1547 1604 1620 „sed
1647 1546 1948 1629 complere,
1994 1547 2053 1605 in
2061 1548 2207 1624 quit,
2253 1544 2394 1605 haec
2439 1545 2637 1606 omnia
2674 1566 2803 1605 mu-

562 1634 724 1698 lieres
769 1655 940 1717 saepe
983 1635 1237 1700 videntes
1282 1644 1334 1695 et
1376 1635 1535 1697 circa
1578 1635 1790 1700 mundi
1815 1632 2130 1717 facultates
2175 1634 2408 1714 saepius
2451 1632 2710 1696 rixantes
2753 1642 2810 1693 et

561 1724 868 1785 irascentes
912 1722 1253 1808 difficillime
1286 1734 1553 1804 pos-sum.
1619 1723 1860 1789 Idcirco-
1883 1723 2069 1787 nostri
2109 1721 2286 1786 semel
2328 1722 2551 1785 mundo
2595 1742 2804 1783 renun-

562 1813 773 1876 ciantes
804 1856 817 1871 .
854 1858 867 1871 .
900 1857 913 1871 .
947 1857 961 1870 .
976 1811 1225 1893 facilius
1268 1813 1478 1885 nudos,
1525 1834 1707 1894 quam
1760 1812 1964 1875 divites
2015 1830 2340 1875 sev-monem
2383 1810 2610 1872 domini
2623 1830 2810 1891 posse

560 1900 847 1982 complere
890 1900 1296 1963 arbitrantur.
1331 1922 1375 1972 .,·
1418 1901 1616 1983 infans
1661 1900 1814 1961 em‘m
1858 1898 2092 1965 humilis
2139 1909 2244 1971 est,
2289 1920 2406 1961 non
2453 1897 2640 1960 laesus
2683 1918 2801 1959 me.-

558 1989 742 2061 mim‘t,
787 2009 905 2049 non
949 1988 1253 2051 mulierem
1296 1990 1497 2051 videns
1541 1988 1936 2071 concupiscit.
2063 1988 2248 2049 .inde
2287 1986 2810 2069 &Hieronymus

559 2077 699 2139 Ilaec
743 2077 923 2139 sciens
956 2076 1135 2159 jussit
1179 2079 1473 2159 epzeeopos
1516 2078 1744 2139 imitari
1785 2075 2074 2159 apostolos
2103 2074 2418 2140 monachos
2447 2096 2580 2138 vero
2611 2074 2808 2139 docuit

559 2166 721 2249 sequi
754 2175 957 2248 patres
990 2166 1301 2249 perfectos.
1360 2169 1676 2231 Perfectus
1707 2189 1847 2245 ergo
1881 2169 2040 2241 solus
2072 2168 2412 2238 monachus,
2451 2186 2572 2227 non
2603 2186 2808 2227 omnes

562 2256 859 2335 perfectos
892 2276 1017 2316 esse
1058 2264 1315 2333 oportet.
1378 2257 1738 2316 Voluntaria
1769 2263 1970 2318 autem
2015 2257 2119 2315 illa
2165 2256 2529 2335 perfectione
2560 2255 2807 2331 virgini·

559 2351 743 2405 tatem
795 2344 1085 2404 contineri
1131 2366 1303 2404 nemo
1350 2366 1620 2422 unquam
1659 2354 1928 2405 veterum
1974 2366 2092 2403 non
2138 2345 2408 2423 putavit,
2452 2344 2806 2405 ,Columbam

561 2454 703 2495 vero
735 2433 797 2491 in
830 2433 1034 2492 eadem
1064 2434 1365 2494 sententia
1394 2435 1573 2498 fuisse
1607 2455 1674 2497 co
1705 2435 1948 2498 meliore
1973 2438 2111 2512 jure
2141 2434 2434 2494 affirmare
2474 2452 2809 2512 possumus,

562 2543 677 2600 quo
725 2523 1097 2599 planioribus
1129 2524 1324 2584 verbis
1354 2525 1507 2583 hanc
1537 2525 1730 2602 ipsam
1762 2545 1889 2582 rem
1930 2524 2208 2601 exposuit
2237 2523 2562 2582 Ajleranus
2591 2521 2813 2583 Scotus

561 2613 637 2676 ab
668 2611 799 2690 ipso
830 2611 1107 2670 Ebrardo
1138 2613 1339 2690 magni
1370 2613 1734 2686 aestimatae,
1783 2613 1886 2690 qui
1918 2611 2242 2672 Columbae
2281 2613 2405 2672 fere
2436 2611 2814 2689 temporibus

562 2701 625 2764 in
650 2701 1007 2758 monasterio
1032 2700 1425 2760 Clonardensi
1456 2703 1519 2760 in
1542 2702 1839 2760 Hibernia
1861 2701 2079 2763 vixisse
2114 2706 2366 2780 putatur
2388 2701 2487 2776 (cf.
2511 2699 2812 2775 Fleming,

562 2787 711 2849 Coll.
742 2809 800 2866 p.
838 2789 1007 2864 183).
1080 2789 1145 2847 Is
1190 2790 1347 2849 enim
1390 2790 1455 2848 in
1484 2790 1980 2867 interpretatione
2011 2789 2394 2874 genealogiae
2425 2788 2652 2849 Christi
2692 2788 2810 2849 sub

563 2896 707 2939 voce
752 2876 1097 2938 Aminadab
1144 2877 1447 2955 (Fleming
1483 2879 1626 2950 189,
1671 2878 1832 2937 Bibl.
1879 2898 2032 2936 max.
2062 2877 2217 2949 XII,
2262 2900 2322 2957 p.
2355 2878 2440 2936 40
2471 2877 2585 2953 D):
2633 2895 2806 2957 spon·

562 2974 780 3035 canem,
842 2965 1064 3040 inquit,
1108 2961 1362 3029 Domini
1404 2965 1588 3028 simus
1617 2963 1883 3049 populus
1925 3009 1937 3023 .
1973 3010 1986 3024 .
2021 3011 2034 3024 .
2091 2961 2260 3028 Unde
2305 2974 2357 3026 et
2400 2963 2526 3045 ipse·
2568 2963 2811 3026 verita-s.-

560 3053 617 3114 si
656 3053 801 3134 quis,
847 3052 1047 3134 inquit,
1092 3051 1229 3126 vult,
1263 3064 1407 3136 post
1448 3073 1542 3114 me
1584 3053 1794 3126 venire,
1839 3063 1892 3114 et
1933 3051 2102 3114 alibi:
2143 3053 2199 3114 si
2225 3053 2312 3114 vis
2333 3052 2625 3136 perfectus
2669 3071 2812 3124 esse,

562 3151 614 3202 et
658 3142 867 3204 iterum
896 3142 971 3202 de
998 3141 1342 3224 viryinitatie
1374 3141 1635 3204 electione
1665 3142 1908 3206 liberum
1953 3141 2184 3224 reliquit
2227 3141 2553 3214 arbitrium,
2583 3141 2814 3203 dicens.-

568 3229 671 3312 qui
698 3239 891 3312 potest
938 3250 1162 3314 capere,
1210 3231 1423 3312 capiat.

744 3321 913 3394 Quae
930 3341 1062 3381 cum
1084 3321 1173 3381 ita
1194 3321 1331 3394 sint,
1349 3321 1760 3395 „testimonis“
1777 3323 1898 3394 illa,
1915 3342 2067 3397 quae
2083 3321 2396 3383 Ebrardus
2411 3323 2494 3398 (p.
2509 3322 2634 3380 206
2647 3323 2808 3396 sqq.)

566 3409 775 3472 attunt
820 3410 898 3470 ad
944 3407 1405 3471 confirmandam
1466 3431 1634 3474 suam
1693 3411 2060 3488 opinionem,
2121 3410 2278 3472 levia
2337 3431 2458 3472 nou
2514 3431 2640 3470 esse
2685 3429 2806 3468 non

564 3502 828 3576 possunt.
919 3499 1127 3575 Neque
1174 3498 1415 3564 difficile
1462 3505 1551 3558 est
1596 3500 1710 3558 hoc
1753 3500 2078 3561 ostendere.

598 3645 604 3649 ,
744 3583 1014 3650 Primum
1058 3587 1247 3664 igitur
1292 3587 1754 3666 vituperandum
1801 3595 1916 3661 est,
1965 3589 2124 3665 quod
2169 3587 2481 3647 Ebrardus
2528 3606 2603 3648 ex
2646 3586 2820 3660 vitis,

568 3674 799 3752 quibus,
846 3675 1057 3747 uti-tur,
1102 3675 1167 3734 id
1212 3677 1400 3739 solum
1447 3676 1694 3754 accipit,
1755 3676 1913 3752 quod
1971 3677 2310 3755 opinionem
2357 3685 2524 3738 suam
2569 3676 2814 3737 videtur

566 3763 929 3836 confirmare,
978 3771 1202 3836 contra,
1251 3785 1401 3841 quae
1432 3767 1594 3827 vitae
1641 3766 1847 3826 dicunt
1879 3766 2178 3828 contraria
2223 3785 2365 3826 suae
2415 3765 2696 3842 opinioni,
2725 3765 2809 3824 ab

563 3852 711 3930 ipsis
756 3852 1147 3932 scriptoribus
1192 3853 1331 3917 ficta
1377 3874 1503 3914 esse
1534 3854 1810 3918 affirmat.
1872 3855 1980 3928 At,
2025 3855 2080 3914 si
2107 3853 2413 3918 nobiscum
2443 3859 2812 3932 reputamUS,

568 3942 802 4018 qualem
864 3943 1222 4012 sententiam
1282 3943 1443 4021 apud
1502 3943 1706 4020 ipsum.
1747 3943 2095 4006 columbam
2156 3943 2584 4015 invenerimuS,
2643 3949 2813 4002 certo

564 4051 681 4090 non
742 4031 1048 4105 habemus,
1104 4033 1263 4108 quod
1319 4033 1459 4093 vitis
1514 4031 1688 4096 fidem
1747 4033 2070 4109 adjungere
2125 4032 2479 4098 dubitemus.
2571 4031 2816 4093 Revera

563 4119 753 4196 igitur
797 4121 1156 4183 monasteria
1208 4127 1379 4182 erant
1424 4119 1892 4202 conyreyationes
1921 4119 2214 4202 viminum
2247 4117 2470 4180 Christi
2505 4121 2575 4196 (J
2575 4141 2670 4182 on.
2701 4121 2816 4182 vit.

564 4207 735 4266 Eust.
788 4209 887 4282 17,
933 4231 989 4286 p.
1030 4210 1187 4282 1223
1240 4211 1275 4266 2
1326 4232 1382 4287 p.
1422 4211 1542 4268 117
1595 4216 1654 4268 et
1700 4211 1986 4287 saepius);
2041 4230 2231 4286 neque
2277 4214 2480 4287 potest
2525 4209 2812 4283 dubitari,

566 4297 711 4372 quin
758 4317 875 4360 non
922 4298 1033 4356 soli
1078 4299 1399 4376 scriptores
1430 4299 1665 4374 (Jonas,
1709 4299 1816 4362 vit.
1849 4297 2036 4376 Burg.
2073 4301 2131 4372 3,
2159 4299 2318 4360 Mab.
2351 4298 2438 4372 Π,
2487 4319 2622 4360 ann.
2658 4299 2814 4372 655,
