3167 4900
1246 230 1690 287 -99—

344 405 548 481 magni
596 404 907 463 aestimata
950 406 1035 463 ab
1074 405 1205 483 ipso
1244 405 1541 478 lehi-ardo,
1588 426 1638 467 c.
1693 406 1766 463 11
1820 405 1898 463 ib.
1945 426 2084 465 ann.
2129 406 2276 478 655,
2322 428 2380 485 p.
2415 406 2592 484 425),

342 490 567 564 credat,
612 488 877 569 inquam,
910 492 1189 555 Ebrarde
1216 495 1351 553 illas
1380 494 1767 571 refiquiamm
1799 500 1860 553 et
1891 501 2229 553 sanctorum
2261 496 2592 565 mentiones

342 582 753 641 additamenta
814 600 941 640 esse
1009 583 1359 660 scriptorum
1373 628 1387 657 ,
1460 584 1674 659 quibus
1737 589 1970 642 sanctos
2033 582 2402 642 exornandos
2461 604 2588 645 esse

342 665 659 749 perperam
706 670 796 727 illi
839 672 1213 748 putaverint3
1266 706 1341 716 --
1394 672 1600 731 credat
1630 672 1976 731 columbam
2021 672 2364 749 saepissime
2403 674 2588 733 verba

340 760 550 817 fecisse
596 754 670 816 de
716 756 936 818 Sancto
981 756 1189 836 Petro,
1250 758 1468 820 Sancto
1514 756 1739 831 Paulo,
1785 756 2002 819 Sancto
2049 756 2414 839 Hieronymo
2461 758 2589 836 (sed

340 848 419 905 de
451 842 745 921 „Eusebio
770 843 1169 908 &esav-iens&
1208 870 1301 927 ep.
1328 850 1386 922 5,
1409 871 1466 927 p.
1494 850 1575 908 32
1603 847 1708 925 A),
1737 847 1844 908 sed
1873 848 1982 906 hoc
2013 868 2129 907 non
2161 850 2338 908 aliter
2365 850 2588 908 dictum

340 956 473 995 esse
516 944 711 1034 atque·
743 936 895 995 illud
945 936 1142 1009 „vivus
1185 957 1435 1018 namque
1478 945 1710 997 sanetus
1755 936 2066 998 emendare
2086 944 2292 1019 potest,
2335 956 2484 1018 quae
2513 934 2588 997 ab

339 1021 525 1084 altero
578 1020 807 1105 majore
850 1024 1155 1085 emendata
1198 1045 1317 1086 non
1345 1024 1612 1108 fiaerint“
1665 1030 1780 1104 (ep.
1831 1026 1888 1099 5,
1934 1047 1995 1103 p.
2043 1026 2126 1084 32
2175 1025 2252 1101 O)
2295 1026 2394 1085 vel
2438 1026 2589 1084 illud

350 1132 429 1187 „a
481 1110 701 1172 Sancto
760 1109 1033 1173 Candido
1088 1121 1220 1175 tuo“
1284 1116 1389 1190 (ib.
1451 1136 1510 1193 p.
1560 1116 1646 1174 33
1679 1113 1802 1191 ·;B)
1847 1148 1930 1161 —·—
1979 1115 2183 1175 credat
2237 1113 2586 1173 columbam

342 1202 587 1280 petiisse
632 1222 668 1259 a
714 1202 902 1279 papis,
948 1209 1019 1261 ut
1063 1224 1171 1281 pro
1218 1224 1281 1263 se
1328 1212 1563 1264 orarent
1577 1200 1761 1283 juxta
1787 1201 1916 1263 loeo
1943 1210 2146 1263 samaa
2174 1212 2227 1265 et
2255 1212 2591 1263 sanctorum

341 1290 596 1350 eineres“
652 1292 768 1367 (ep.
816 1291 875 1363 4,
923 1311 979 1367 p.
1029 1292 1108 1349 31
1144 1292 1197 1351 E
1246 1300 1312 1352 et·
1352 1313 1442 1373 ep.
1499 1294 1549 1365 1,
1597 1314 1654 1369 p.
1705 1292 1788 1349 24
1821 1292 1916 1368 F),
1963 1292 2065 1353 sed
2109 1292 2166 1351 ei
2193 1310 2452 1369 prorsus
2498 1292 2587 1350 in·

345 1385 714 1456 compertum
746 1379 943 1451 fuisse,
978 1381 1272 1457 quomodo
1303 1402 1495 1459 papae
1526 1383 1786 1441 solerent
1817 1400 1988 1440 orare
2013 1384 2190 1456 juxta
2214 1382 2344 1439 loca
2365 1385 2588 1453 sancta,

344 1486 537 1543 neque
582 1467 973 1527 dubitandum
1022 1488 1163 1543 esse,
1212 1471 1355 1546 quin
1402 1470 1529 1547 ipse
1576 1470 1885 1543 Columba,
1931 1471 1982 1528 si
2028 1470 2282 1529 Romam
2327 1470 2592 1529 venisset

348 1550 704 1635 Greyovdum
748 1575 993 1633 papam,
1040 1565 1109 1618 ut
1154 1558 1267 1630 ait,
1315 1556 1656 1619 desiderans
1700 1576 1819 1617 non
1865 1554 2129 1617 Romam
2181 1554 2381 1630 „salva
2425 1576 2612 1617 sano.

340 1648 539 1703 termn
582 1643 898 1703 reverentia
942 1644 1237 1705 cinerum“
1290 1648 1405 1724 (ep.
1456 1647 1512 1719 5,
1559 1669 1618 1725 p.
1669 1640 1757 1705 33‘
1785 1647 1862 1718 A,
1911 1648 1982 1705 cf.
2031 1646 2306 1722 Fleming
2349 1667 2408 1723 p.
2450 1643 2590 1718 159,

346 1754 483 1791 nam
526 1732 689 1791 Bibl.
735 1752 889 1791 max.
937 1755 992 1811 p.
1041 1735 1125 1794 33
1172 1734 1235 1794 A
1290 1735 1557 1796 invenies
1614 1734 1911 1811 emerem),
1967 1735 2144 1811 longe
2190 1734 2366 1793 aliter
2409 1742 2590 1810 atque

345 1840 536 1900 papae
574 1812 861 1881 ‘oraturus
890 1822 1073 1882 fuerit
1097 1827 1275 1900 juxta
1304 1831 1644 1885 sanctorum
1677 1824 1922 1895 cineres,
1969 1823 2238 1900 quamvis
2269 1823 2396 1901 ipse
2427 1823 2591 1882 dieat

350 1911 687 1986 (instructio
742 1910 793 1983 I,
855 1910 1015 1970 Bibl.
1078 1934 1232 1971 max.
1295 1914 1391 1985 12,
1453 1935 1511 1991 Ρ.
1566 1915 1644 1970 10
1701 1913 1786 1988 D)
1811 1928 1820 1935 ’
1845 1910 2022 1971 deum
2067 1931 2188 1991 per
2257 1919 2591 1969 sanctorum

344 2016 585 2059 suorum
642 1994 851 2057 merita
880 2008 959 2059 οὐ
1012 1999 1357 2060 interemtus
1402 2001 1700 2061 orandum
1744 2020 1896 2072 esse3
1947 2034 2024 2047 --
2075 2001 2428 2077 persuadeat
2475 2000 2592 2057 sibi

346 2086 694 2147 Columbam
756 2087 1096 2149 Turonibus
1160 2090 1433 2149 visitasse
1500 2092 1836 2168 sepulcrum
1896 2086 2026 2148 Soti
2084 2088 2330 2147 Martini
2399 2107 2592 2164 neque

348 2176 599 2235 coluisse
654 2196 789 2235 eum
832 2184 901 2236 ut
948 2178 1051 2237 alii
1096 2178 1263 2247 illius
1304 2179 1521 2239 aetatis
1564 2178 1866 2251 catholici,
1924 2177 2195 2254 quamvis
2239 2178 2430 2237 Jonas
2477 2176 2590 2237 Co-

347 2264 607 2323 lumbam
668 2264 915 2325 inducat
974 2267 1264 2326 dicentem
1316 2286 1433 2327 non
1486 2266 1707 2328 ido-imo
1753 2266 1836 2327 ad
1879 2263 2004 2347 ejus
2051 2267 2348 2343 (Martini)
2392 2285 2451 2325 se
2495 2284 2590 2326 ex-

346 2350 583 2412 cubasse
640 2351 942 2435 reliquias,
1005 2364 1068 2415 ut
1126 2352 1224 2416 ille
1278 2376 1387 2415 sua
1440 2374 1513 2415 ae
1557 2374 1800 2415 suorum
1843 2355 2049 2414 sineret
2094 2354 2317 2414 damna
2349 2352 2598 2433 patrari

329 2440 607 2522 siam-um
652 2443 783 2518 (vit.
830 2442 957 2502 Col.
1005 2445 1107 2517 44,
1152 2465 1211 2522 p.
1263 2446 1365 2519 23,
1412 2446 1485 2504 cf.
1533 2446 1638 2518 42,
1683 2466 1743 2522 Ρ.
1793 2445 1920 2518 22).

524 2531 705 2590 Aliae
748 2539 947 2592 autem
994 2533 1147 2592 duae
1199 2535 1313 2592 hoc
1358 2536 1487 2593 loco
1532 2535 1830 2594 exsistunt
1890 2533 2268 2609 quaestiones
2281 2577 2295 2604 ,
2357 2531 2590 2607 dignae,

349 2639 503 2696 quae
563 2639 765 2680 severe
822 2623 1261 2694 examinentur,
1324 2623 1517 2700 prior,
1580 2621 1724 2700 quid
1771 2621 2096 2681 Columbae
2151 2627 2212 2680 et
2273 2620 2416 2680 socii
2463 2623 2594 2695 ejus

342 2709 747 2784 judicaverint
790 2710 865 2768 de
910 2711 1259 2788 virginitate
1308 2719 1368 2770 et
1414 2711 1489 2770 de
1535 2711 1878 2770 clericorum
1925 2709 2336 2783 matrimoniis,
2379 2710 2593 2782 altera,

355 2817 495 2855 num
539 2798 660 2856 alia
705 2799 887 2857 fuerit
933 2800 1092 2876 apud
1138 2801 1327 2863 socios
1372 2799 1698 2860 Columbae
1744 2801 1872 2861 vita
1917 2799 2258 2858 monachica
2304 2805 2485 2875 atque
2533 2798 2596 2856 in

349 2887 609 2946 univers.
620 2887 873 2946 ecclesia
886 2895 951 2948 et
976 2889 1120 2965 quid
1143 2889 1217 2947 de
1240 2890 1660 2948 monachorum
1683 2889 1810 2950 vita
1831 2890 1960 2966 ipse
1980 2887 2270 2947 Columba
2294 2887 2594 2946 statuerit.

534 2975 745 3034 Sontes
792 2976 877 3053 [et
922 2975 1258 3056 Britones]-
1275 2977 1349 3036 de
1408 2979 1756 3037 clericorum
1813 2969 2208 3034 matrimoniis
2263 2994 2383 3034 non
2438 2974 2594 3033 idem

351 3063 603 3124 sensisse
648 3065 807 3140 quod
854 3073 1086 3125 ceterae
1132 3067 1292 3125 illius
1338 3067 1557 3126 aetatis
1603 3066 1882 3124 ecelesiae
1928 3084 2046 3122 non
2095 3064 2254 3122 solus
2285 3062 2594 3122 Ebrardus

362 3156 442 3230 (p.
478 3153 603 3211 206
654 3157 810 3230 sqq.)
856 3154 1196 3228 affirmavit,
1244 3154 1362 3227 sed,
1411 3175 1542 3214 cum
1572 3145 1968 3229 Rettbergius
2001 3153 2060 3227 (I
2091 3174 2148 3230 p.
2184 3153 2310 3211 320
2346 3160 2406 3210 et
2439 3152 2593 3227 324)

353 3241 597 3300 eandem
644 3243 999 3302 sententiam
1046 3244 1297 3315 tulisset,
1342 3244 1406 3302 in
1454 3242 1777 3303 Germania
1824 3241 2323 3318 evangelicorum,
2371 3240 2476 3316 qui
2519 3240 2594 3298 de

353 3329 671 3390 Britonum
705 3329 1135 3410 Scotorumque
1164 3333 1427 3392 ecclesiis
1455 3334 1642 3392 verba
1671 3333 1956 3402 fecerunt,
1985 3346 2222 3403 omnes,
2254 3329 2372 3388 nisi
2399 3330 2593 3402 fallor,

351 3425 597 3498 excepto
644 3418 996 3497 Loeningio,
1045 3421 1289 3480 eandem
1334 3422 1543 3482 falsam
1589 3420 2030 3497 persuasionem
2077 3419 2193 3477 sibi
2239 3418 2593 3490 induerunt;

352 3508 495 3583 quin
558 3508 737 3568 etiam
800 3507 1110 3568 Scotorum
1178 3511 1497 3570 monachos
1566 3527 2010 3586 nonnumquam
2072 3507 2136 3565 in
2199 3507 2596 3566 matrimoniis

354 3593 567 3656 vinisse
590 3597 839 3656 'Plittius
863 3598 1138 3657 Ebrardo
1170 3600 1460 3660 concessit
1483 3600 1806 3676 (Erlanger
1828 3596 2178 3656 zeitschrift
2207 3597 2306 3654 fiir
2335 3595 2595 3656 Protest.

352 3704 407 3742 u.
455 3686 570 3744 ΚΘ.
624 3686 823 3759 1864,
869 3708 929 3765 Ρ.
980 3687 1151 3764 287),
1200 3706 1391 3764 neque
1446 3687 1766 3746 defuerunt
1819 3687 1884 3745 in
1928 3685 2186 3763 Anglia‚
2247 3686 2350 3763 qui
2395 3721 2480 3730 —-
2527 3691 2597 3746 ut

352 3780 582 3832 taceam
644 3775 717 3833 de
779 3775 833 3832 M
844 3775 1171 3835 'Lauchlan
1227 3796 1359 3835 cum
1403 3776 1681 3836 Ebrardo
1743 3775 2147 3835 consentiente
2196 3776 2294 3850 (cf.
2339 3773 2596 3845 Ebrard,

351 3883 411 3940 p.
457 3862 613 3940 VII)
666 3897 738 3910 —-·
794 3863 1086 3930 dicerent:
1144 3861 1297 3924 there
1354 3883 1458 3924 are
1507 3883 1822 3944 passayes,
1884 3861 2072 3922 which
2115 3881 2330 3942 prove,
2389 3858 2514 3920 that
2557 3881 2597 3922 a

350 3950 617 4012 married
650 3949 997 4032 pn‘esthood
1055 3973 1179 4012 was
1223 3961 1323 4012 not
1382 3951 1670 4013 unknown
1733 3950 1794 4010 in
1854 3951 2088 4010 various
2141 3959 2308 4032 parts
2367 3949 2491 4008 and
2536 3957 2598 4010 at

352 4037 589 4099 vam‘oas
622 4039 869 4120 period-3
916 4040 991 4123 of
1024 4039 1114 4102 the
1146 4038 1322 4101 Celtic
1368 4039 1583 4101 elim-elz
1616 4040 1894 4116 (Warren
1927 4061 1984 4118 p.
2025 4041 2148 4116 13).
2220 4039 2412 4112 Quam
2452 4058 2596 4111 rem,

353 4148 484 4188 cum
526 4129 771 4187 maximi
816 4133 1099 4191 momenti
1144 4131 1223 4190 sit
1268 4131 1329 4188 in
1362 4129 1745 4191 aestimandis
1785 4130 1962 4188 rebus
1993 4149 2028 4186 a
2057 4127 2364 4187 Bonifatio
2395 4127 2598 4204 gestis,

353 4217 555 4295 paullo
608 4219 914 4280 verbosius
962 4221 1141 4280 etiam
1189 4220 1299 4278 hoc
1344 4220 1473 4278 loco
1520 4225 1781 4279 tractare
1827 4218 1972 4276 mihi
2016 4217 2209 4276 liceat.

533 4306 865 4368 Exordium
910 4308 1101 4387 igitur
1143 4307 1384 4386 capiens
1430 4328 1465 4367 a
1512 4308 1931 4367 monachorum
1968 4305 2360 4366 matrimoniis
2405 4305 2600 4366 fateor

2097 4407 2172 4462 7*
