3167 4900
1175 255 1611 318 *15*

450 434 678 502 Eadem
723 438 1115 519 comprobant
1159 445 1386 499 statuta
1429 440 1533 498 illa
1577 439 1886 516 synodalia
1946 460 2125 518 supra
2172 457 2515 500 commemo·

274 537 408 590 rata
423 575 438 604 ,
501 551 654 607 quae
713 531 874 590 haud
935 531 1056 588 scio
1117 549 1192 587 an
1252 529 1346 588 his
1406 529 1552 607 ipsis
1614 528 1981 607 temporibus
2026 530 2243 588 ascribi
2287 530 2518 606 possint

223 651 229 656 ·
277 620 380 694 (H.
423 620 543 678 and
583 618 672 678 St.
718 619 770 692 I,
818 640 876 696 p.
916 620 1037 677 117
1073 620 1244 694 sqq.).
1270 617 1294 654 ¹
1381 617 1534 678 Nam
1582 619 1712 676 luce
1760 617 1977 677 clarius
2022 625 2111 677 est
2156 618 2304 676 illud
2348 637 2519 688 „cum

272 705 510 767 muliere
555 705 646 768 vel
687 728 822 768 cum
863 705 988 767 viro
1021 725 1276 786 peccans
1320 704 1448 788 quis
1485 703 1839 786 expellam,
1896 715 1961 766 ut
2005 704 2245 766 altem‘us
2277 705 2519 785 patme

277 797 379 874 [an
417 790 672 876 patnw]
719 793 988 856 coenubio
1031 794 1184 854 tn'vat
1227 839 1240 852 .
1273 838 1286 854 .
1320 839 1333 853 .
1383 798 1532 871 (syn.
1582 795 1935 872 aquilonalis
1982 795 2332 854 Britanniae
2380 816 2425 852 c.
2481 799 2506 851 1

273 885 356 944 H.
401 884 523 943 and
567 884 657 944 St.
716 907 774 964 p.
829 886 980 961 117)
1041 884 1116 943 de
1173 883 1474 943 monachis
1533 903 1658 943 esse
1719 885 1957 942 dictum.
2049 883 2133 942 Et
2199 883 2342 958 quid
2402 883 2517 941 sibi

273 974 498 1033 vellent
543 995 614 1034 ea
660 973 920 1051 capitula
937 1016 952 1043 ,
1015 993 1165 1050 quae
1211 992 1432 1048 poenas
1477 972 1770 1031 definiunt
1814 973 1877 1030 in
1924 993 2023 1031 eos
2042 1017 2057 1044 ,
2110 971 2213 1053 qui
2255 991 2315 1032 ee
2358 970 2517 1050 ipsos

272 1058 702 1143 inquinaverint
747 1061 959 1138 (ejusd.
1005 1083 1131 1138 syn.
1177 1061 1262 1134 II,
1309 1062 1389 1121 Η.
1437 1061 1553 1120 and
1600 1061 1688 1122 St.
1734 1061 1785 1132 I,
1832 1081 1889 1139 p.
1944 1061 2111 1137 117),
2176 1059 2277 1141 qui
2311 1079 2515 1139 pecca-

273 1148 459 1211 verint
501 1170 636 1210 cwm
679 1169 820 1211 cane
865 1153 1016 1227 (syn.
1060 1150 1212 1208 Luci
1258 1149 1418 1209 Vict.
1464 1149 1613 1222 VH,
1660 1151 1698 1210 1.
1744 1171 1791 1208 c.
1838 1171 1896 1227 p.
1953 1151 2103 1225 118)
2158 1151 2255 1209 vel
2300 1157 2363 1207 ut
2409 1143 2513 1207 So-

274 1238 530 1298 domitae
560 1239 728 1315 (ibid.
753 1238 944 1316 VIII)
972 1241 1068 1299 vel
1113 1257 1248 1298 cum
1289 1235 1532 1298 muliere
1575 1236 1919 1318 disponsata
1952 1235 2183 1297 Christo
2215 1240 2518 1315 (excerpta

275 1349 348 1386 ex
393 1329 550 1387 libro
594 1328 848 1388 Davidis
873 1326 899 1364 ²
943 1328 1000 1387 V
1031 1329 1070 1388 l.
1118 1348 1168 1386 c.
1222 1349 1280 1405 p.
1333 1324 1474 1386 119.
1522 1329 1595 1385 cf.
1640 1327 2177 1399 Wasserschleben,
2226 1326 2515 1384 Bussord·

275 1437 540 1492 nungen,
602 1438 660 1494 p.
711 1419 794 1493 9),
855 1416 969 1476 nisi
1015 1417 1228 1475 ducere
1271 1435 1516 1474 uxorem
1561 1423 1667 1474 aut
1710 1416 1841 1476 viro
1893 1416 2117 1474 nubere
2166 1415 2517 1491 quibusdam

273 1507 631 1582 denegatum
677 1506 890 1565 fuisset
904 1504 934 1563 ἶ)
979 1505 1255 1582 Denique
1303 1505 1488 1582 ipsius
1535 1504 1747 1582 synodi
1792 1503 1935 1563 Luc.
1980 1503 2137 1563 Vict.
2186 1524 2232 1562 c.
2280 1503 2380 1560 IX
2424 1503 2517 1562 his

273 1595 475 1654 verbis
521 1595 810 1672 scriptum
835 1601 978 1654 est:
1055 1591 1266 1654 Totum
1309 1591 1442 1664 hoc,
1500 1592 1659 1675 quod
1700 1591 1989 1662 divimus,
2056 1590 2110 1650 si
2141 1600 2279 1673 post
2322 1600 2519 1650 votum

269 1680 640 1762 perfectiones
668 1681 879 1763 fecerit
921 1679 1110 1742 home.
1201 1679 1275 1742 Si
1299 1690 1495 1740 mitem
1525 1690 1658 1742 ante
1686 1690 1900 1751 votum,
1945 1700 2133 1739 annus
2164 1678 2520 1739 deminuitur

274 1771 350 1830 de
393 1769 694 1841 omnibu&
737 1770 811 1830 de
853 1767 1086 1853 reliquls
1129 1789 1283 1841 vera,
1327 1779 1392 1830 ut
1429 1769 1609 1840 debet,
1652 1767 1951 1840 minuitur,
2000 1768 2145 1828 dum
2190 1788 2305 1828 non
2350 1766 2517 1826 vovit.

275 1859 384 1936 (H.
432 1860 550 1918 and
597 1859 688 1920 St.-
731 1859 820 1932 ΙΙ,
865 1882 924 1939 p.
972 1860 1142 1936 118).
1231 1859 1395 1936 Ergo
1441 1859 1741 1918 monachis
1786 1858 1848 1914 in
1893 1857 2271 1916 matrimonio
2317 1857 2519 1916 vivere

274 1969 398 2007 non
441 1948 678 2021 licebat,
726 1950 996 2024 quamvis
1041 1949 1351 2007 Ebrardus
1397 1949 1699 2007 contraria
1728 1947 2036 2006 adseveret
2067 1948 2150 2024 (p.
2186 1947 2310 2003 206
2346 1947 2516 2022 sqq.).

457 2035 879 2096 Sacerdotibus
933 2057 1074 2096 num
1128 2037 1390 2110 licuerit,
1459 2037 1562 2096 vix
1617 2035 1935 2112 dijudicari
1988 2041 2203 2114 potest.
2294 2034 2518 2110 Negari

279 2126 518 2203 quidem
571 2146 691 2185 nou
745 2132 945 2206 potest
999 2126 1180 2186 fuisse
1237 2127 1478 2185 clericos
1493 2169 1508 2198 ,
1579 2126 1684 2202 qui
1738 2125 1898 2182 nulla
1953 2124 2197 2184 infamia
2253 2123 2522 2200 adspersi·

275 2235 492 2273 uxores
537 2215 870 2288 duxissent,
929 2235 1069 2275 nam
1115 2212 1354 2273 Gildam
1401 2215 1673 2274 audimus
1718 2213 2009 2274 dicentem
2058 2233 2189 2271 cum
2250 2213 2519 2289 apostolo

279 2304 620 2382 episcopum
651 2310 924 2382 oportere
963 2324 1090 2363 esse
1135 2300 1308 2364 unius
1351 2301 1552 2364 uxoris
1598 2301 1809 2373 viram,
1837 2298 2000 2384 filios
2044 2298 2345 2360 habentem
2388 2298 2515 2359 sub-

279 2391 432 2453 ditos
477 2411 614 2453 cum
657 2391 819 2453 omni
861 2391 1116 2454 castitate
1163 2393 1345 2472 (ep.§
1383 2393 1524 2466 108,
1570 2412 1627 2470 p.
1668 2391 1821 2463 1143
1866 2393 1901 2470 ξ
1941 2392 2080 2463 109,
2127 2411 2185 2468 p.
2224 2391 2375 2467 115)
2416 2389 2519 2449 sed

278 2483 420 2541 licet
473 2481 778 2556 dubitare,
849 2503 989 2541 num
1049 2483 1194 2541 haec
1250 2482 1620 2541 sacerdotum
1670 2481 2046 2541 matrimonia
2092 2501 2127 2537 a
2174 2478 2355 2537 Gilda
2402 2500 2519 2537 non

280 2570 626 2647 vituperata
669 2591 880 2630 revera
909 2571 1288 2630 matrimonia
1317 2570 1556 2630 fuerint.
1620 2569 1871 2628 Constat
1917 2570 2071 2627 enim
2117 2568 2325 2627 iisdem
2373 2573 2518 2626 tem-

281 2660 528 2736 poribus
590 2666 651 2718 et
709 2659 774 2717 in
819 2658 1022 2719 Gallia
1081 2664 1141 2717 et
1196 2658 1340 2717 alibi
1395 2676 1649 2717 canones
1702 2664 1766 2716 et
1818 2662 2045 2715 statuta
2090 2656 2399 2734 synodalia
2443 2657 2519 2714 ab

279 2747 355 2805 iis
401 2747 718 2824 episcopis,
764 2747 1128 2827 presbyteris
1145 2792 1160 2821 ,
1207 2746 1501 2819 diaconis,
1549 2746 1655 2822 qui
1700 2750 1841 2803 ante
1886 2744 2263 2805 diaconatum
2308 2765 2520 2803 uxores

282 2836 578 2896 duxerant
613 2868 688 2879 -—
725 2836 883 2912 quod
923 2836 1166 2915 plurimi
1211 2836 1528 2911 faciebant,
1573 2856 1711 2893 nam
1759 2842 1903 2893 tunc
1946 2835 2232 2912 temporis
2279 2834 2521 2894 clericos

281 2924 624 3001 saepissime
669 2945 779 3001 per
823 2926 1066 3002 longum
1111 2933 1346 3002 tempus
1391 2926 1454 2983 in
1499 2923 1881 2982 inferioribus
1924 2924 2211 2999 gradibus
2255 2928 2521 2982 versatos

283 3033 408 3072 esse
455 3011 657 3072 docuit
700 3012 1068 3090 Loeningius
1101 3013 1212 3088 (II,
1243 3034 1302 3091 p.
1337 3014 1491 3089 318)
1530 3046 1605 3057 —
1640 3030 2013 3086 nequaquam
2060 3013 2405 3088 postulasse,
2451 3016 2523 3067 ut

283 3120 497 3160 uxores
541 3100 938 3176 dimitterent,
997 3101 1101 3159 sed
1145 3107 1404 3173 tantum,
1463 3121 1536 3157 ne
1581 3119 1759 3177 porro
1806 3119 1939 3156 cum
1984 3099 2269 3158 uxoribus
2315 3118 2518 3157 carna-

282 3191 424 3250 liter
467 3190 901 3267 copularentur.
974 3188 1134 3264 Quid
1181 3188 1232 3248 si
1276 3187 1432 3247 idem
1479 3188 1540 3245 in
1586 3186 1907 3245 Britannia
1952 3207 2241 3245 canonum
2287 3188 2381 3245 vel
2427 3207 2519 3262 sy-

281 3277 568 3337 nodorum
614 3278 845 3355 legibus
891 3279 986 3338 vel
1030 3298 1142 3337 usu
1187 3277 1478 3336 sancitum
1535 3274 1759 3334 fuerit?
1821 3274 2125 3335 Sancitum
2175 3295 2295 3334 non
2340 3274 2520 3333 fuisse

279 3367 442 3425 nullo
489 3365 662 3425 modo
711 3367 1084 3445 comprobari
1129 3371 1343 3445 potest.
1433 3365 1530 3423 Ex
1562 3364 1861 3423 contrario
1893 3364 2385 3423 verisimillimum
2433 3369 2523 3422 est

279 3455 599 3514 Britonum
643 3475 837 3515 mores
881 3457 1030 3515 alios
1075 3475 1194 3514 non
1240 3456 1420 3514 fuisse
1449 3474 1629 3531 quam
1660 3452 1986 3514 Gallorum.
2076 3453 2357 3512 Profecto
2403 3473 2520 3510 non

282 3563 430 3621 opus
479 3550 608 3603 erat
653 3549 879 3604 statuto
926 3543 1125 3604 Sirieii
1170 3564 1362 3622 papae
1417 3544 1482 3601 in
1527 3542 1907 3600 Britanniam
1954 3550 2195 3620 recepto
2243 3540 2521 3618 (Ebrard,

465 3718 486 3751 ²
525 3716 782 3781 Exstant,
824 3716 1212 3787 antiquissima
1251 3715 1346 3785 (cf.
1389 3715 1521 3781 Syn.
1561 3714 1703 3769 Luc.
1746 3713 1899 3767 Vict.
1937 3714 2042 3778 IV,
2085 3714 2160 3767 H.
2203 3710 2313 3767 and
2350 3713 2431 3767 St.
2471 3712 2521 3767 I.

281 3806 336 3857 p.
366 3788 496 3843 118:
537 3787 632 3855 qui
735 3787 918 3841 aebent
954 3788 1214 3843 ducatum
1249 3785 1496 3841 barbarie
1534 3788 1638 3841 etc.
1682 3785 1781 3838 sed
1821 3785 1889 3838 cf.
1920 3786 2053 3839 Gan.
2096 3785 2231 3838 Hib.
2280 3784 2436 3851 LIX,
2474 3785 2523 3839 2.

281 3858 668 3912 Wasserschle
711 3875 782 3913 en
827 3856 907 3913 Ir.
950 3858 1086 3912 Can.
1136 3876 1190 3926 p.
1231 3856 1352 3912 255.
1392 3872 1536 3910 saec.
1577 3854 1783 3923 VIII.)
1824 3856 2090 3909 videntur
2128 3872 2274 3920 esse,
2332 3856 2523 3923 itaque

281 3929 520 3983 forsitan
558 3928 898 3982 cohaereant
935 3946 1063 3983 cum
1101 3929 1327 3995 synodis
1366 3926 1493 3991 illis,
1535 3944 1671 3995 quas
1714 3927 1940 3980 saeculo
1967 3930 2125 3979 sexto
2152 3926 2373 3979 habitas
2404 3940 2523 3977 esse

283 4004 342 4053 et
377 4000 612 4054 annales
637 4030 705 4041 —
735 4001 961 4068 (saltem
999 3999 1070 4053 de
1108 4016 1218 4052 una
1249 3998 1564 4067 ‘loquuntur
1590 3997 1665 4051 H.
1692 3998 1804 4051 and
1832 3996 1914 4049 St.
1945 3996 1994 4062 I,
2035 4014 2089 4064 p.
2120 3996 2247 4062 116)
2290 3999 2347 4048 et
2373 3996 2524 4049 vitae

288 4070 627 4125 Sanctorum
652 4070 908 4125 referunt
933 4069 1034 4139 (H.
1063 4070 1176 4123 and
1203 4070 1287 4123 St.
1317 4070 1353 4123 l.
1384 4071 1477 4138 e.).
1531 4067 1648 4121 Sed
1686 4084 1789 4135 pro
1829 4071 1985 4119 certo
2025 4066 2166 4119 nihil
2208 4066 2279 4119 de
2316 4066 2423 4119 hac
2462 4083 2523 4120 re

283 4142 509 4196 videtur
547 4140 690 4193 mihi
726 4158 890 4209 posse
929 4140 1216 4195 affirmari.
1295 4139 1384 4193 De
1422 4138 1649 4207 synodis
1679 4136 1913 4196 Davidis
1952 4136 2334 4191 Meneviensis
2363 4155 2395 4190 a
2425 4137 2523 4190 Gri-

283 4212 445 4265 raldo
485 4212 815 4267 Gambrensi
881 4228 1022 4265 saec.
1062 4210 1231 4278 XII.)
1273 4208 1721 4265 commemoratis
1762 4207 2311 4277 (Wassersehleben,
2353 4208 2523 4262 Buss—

281 4282 441 4337 ordn'
464 4283 635 4406 yffi}
673 4282 914 4421 Ziiiplius
945 4282 1064 4406 2¹22
1095 4280 1265 4417 {lag’
1285 4282 1428 4404 ulii-nil
1439 4282 1761 4404 1iiiicertiora
1797 4350 1936 4403 mihi
1973 4350 2241 4405 videntur
2278 4366 2416 4404 esse.
