3167 4900
1489 247 1922 304 ..60-

587 425 796 486 dubito
859 445 1056 484 annon
1109 427 1236 500 jam
1294 423 1470 483 hodie
1532 422 1805 500 cuiquam
1864 423 2041 484 liceat
2100 423 2437 484 nominibus
2484 423 2603 484 illis
2650 445 2828 503 argu-

587 515 871 589 mentari,
934 519 1092 573 certe
1140 513 1259 572 scio
1306 534 1398 572 me
1444 513 1637 591 ipsum
1699 519 1762 572 et
1814 533 2039 586 omnes,
2102 513 2205 590 qui
2253 513 2547 587 nesciant,
2611 515 2831 592 quibus

593 603 934 664 auctoribus
981 603 1248 679 singulae
1295 603 1707 681 episcoporum
1737 603 1833 661 vel
1864 603 2148 662 abbatum
2180 602 2507 662 mentiones
2538 603 2829 677 nitantur,

590 691 927 768 hujusmodi
975 690 1344 768 argumentis
1398 712 1522 751 rem
1567 690 1769 768 potius
1814 693 2265 768 perturbaturos
2309 711 2457 765 esse,
2507 712 2687 769 quam
2734 713 2833 750 ex·

588 782 950 860 planaturos.
1015 781 1414 853 Quamobrem
1458 781 1521 838 in
1567 779 1658 854 iis,
1705 798 1857 856 quae
1886 781 2203 858 proferam,
2250 780 2324 840 ad
2370 782 2616 840 annales
2647 782 2828 840 raris-

588 871 732 930 sime
776 869 1131 948 provocabo.

769 958 886 1018 Sed
931 958 1239 1018 redeamus
1285 957 1360 1016 ad
1398 958 1443 1018 J
1445 957 1693 1017 ohannis
1739 977 1931 1035 papae
1980 958 2309 1036 epistulam.
2373 959 2833 1020 Concedendum

590 1055 680 1108 est
726 1067 953 1120 omnes,
1003 1046 1217 1123 quibus
1260 1047 1548 1125 inscripta
1596 1051 1707 1118 est,
1768 1046 1947 1104 fuisse
1994 1047 2269 1121 abbates,
2327 1047 2431 1108 sed
2476 1069 2597 1107 non
2644 1049 2831 1126 negli-

591 1137 850 1215 gendum
895 1137 1208 1195 nonnullos
1241 1137 1394 1195 solos
1428 1135 1723 1194 nominari
1754 1135 2073 1213 episcopos.
2134 1137 2219 1196 Et
2250 1158 2382 1196 cum
2416 1137 2833 1215 episcoporum

591 1233 652 1286 et
697 1227 1182 1304 presbyterorum
1229 1229 1288 1283 et
1332 1224 1689 1302 dignitatem
1736 1229 1796 1282 et
1840 1245 2087 1284 munera
2133 1226 2368 1286 diversa
2424 1227 2601 1286 fuisse
2650 1247 2835 1306 supra

591 1319 673 1394 (p.
727 1315 836 1391 58)
885 1314 1330 1391 cognoverimus
1379 1313 1494 1372 alia
1551 1313 1731 1372 fuisse
1787 1333 2021 1374 necesse
2082 1321 2171 1374 est
2230 1334 2474 1374 munera
2537 1315 2833 1390 Tomiani,

591 1403 945 1464 Columbani
1009 1402 1374 1479 reliquorum
1436 1403 1843 1480 episcoporum
1904 1409 1965 1462 et
2011 1403 2321 1477 abbatum,
2382 1404 2501 1464 alia
2548 1403 2835 1464 Oromani

591 1499 652 1552 et
697 1492 1060 1568 reliquorum
1107 1493 1390 1550 abbatum
1424 1493 1927 1568 presbyterorum.
1988 1493 2083 1551 De
2116 1513 2233 1570 qua
2277 1514 2343 1552 re
2388 1493 2535 1569 quid
2580 1494 2835 1553 senserit

591 1581 718 1654 ille,
779 1580 882 1657 qui
942 1579 1256 1657 epistulam
1317 1580 1582 1658 scripsit,
1643 1580 1689 1640 J
1690 1582 1949 1639 ohannes
2007 1602 2191 1660 papa,
2252 1582 2425 1642 facile
2487 1586 2834 1658 conjectura

593 1674 794 1747 potest
823 1669 1036 1746 colligi.
1104 1669 1287 1728 Haud
1317 1669 1496 1728 dubie
1529 1670 1685 1728 enim
1717 1669 1831 1729 sibi
1869 1670 2183 1747 persuasit,
2214 1671 2587 1744 Hiberniam,
2623 1692 2831 1749 quam-

591 1759 682 1817 vis
727 1757 984 1818 maxima
1016 1764 1166 1818 esset
1200 1758 1693 1817 monasteriorum
1727 1759 2066 1833 auctoritas,
2114 1766 2313 1819 tamen
2351 1761 2441 1820 ita
2472 1761 2835 1840 descriptam

592 1867 718 1906 esse
763 1847 827 1905 in
861 1847 1218 1925 episcopales
1249 1847 1535 1924 regiones,
1582 1853 1653 1906 ut
1682 1847 1959 1924 episcopi,
2008 1848 2110 1925 qui
2140 1849 2319 1908 iidem
2361 1851 2611 1908 abbates
2642 1855 2834 1924 erant,

592 1937 957 2013 singularum
1003 1935 1356 1995 dioecesium
1417 1957 1617 1996 curam
1677 1943 1970 2012 gererent.
2060 1937 2237 1997 Hanc
2290 1939 2655 2016 opinionem,
2719 1940 2831 1998 etsi

594 2024 860 2084 Toddius
907 2025 1004 2100 (cf.
1047 2024 1320 2101 Loening
1367 2024 1453 2097 H,
1484 2046 1540 2102 p.
1576 2025 1703 2084 413
1748 2030 1809 2083 et
1848 2025 2020 2102 445),
2070 2045 2244 2102 quem
2291 2025 2546 2086 Skenius
2592 2033 2835 2088 secutus

597 2120 687 2172 est
733 2112 842 2189 (ΙΙ,
875 2135 932 2191 p.
969 2114 1077 2190 94)
1125 2114 1301 2172 aliter
1345 2113 1583 2174 videtur
1630 2115 1893 2187 sensisse,
1942 2135 1978 2173 a
2018 2135 2159 2174 vero
2204 2117 2456 2174 multum
2502 2117 2834 2191 aberrasse,

591 2222 712 2261 non
756 2201 974 2273 habeo,
1037 2202 1195 2279 quod
1256 2208 1475 2279 putem.
1565 2201 1881 2262 Accedunt
1942 2203 2097 2262 enim
2158 2205 2235 2263 ad
2292 2205 2481 2282 ipsius
2540 2205 2835 2282 epistulae

593 2288 1007 2350 auctoritatem
1057 2291 1174 2350 alia
1221 2291 1597 2368 argumenta,
1661 2313 1811 2368 quae
1856 2313 1983 2350 rem
2037 2292 2124 2352 ita
2178 2314 2305 2353 sese
2348 2294 2625 2353 habuisse
2674 2315 2830 2353 com-

631 2380 862 2440 robent.

589 2402 630 2460 p
767 2468 1033 2527 Primum
1084 2471 1242 2548 quod
1287 2469 1539 2529 Patricii
1587 2471 1952 2548 temporibus
2000 2470 2323 2550 episcopos,
2370 2478 2439 2531 ut
2484 2473 2572 2532 ita
2618 2472 2832 2548 dicam,

591 2558 958 2638 parochiales
1002 2559 1067 2617 in
1114 2559 1408 2619 Hibernia
1451 2560 1635 2619 fuisse
1695 2567 1970 2638 putemus
2031 2580 2265 2619 necesse
2320 2566 2435 2635 est,
2504 2563 2663 2639 quod
2723 2584 2834 2622 nec

593 2647 848 2707 Skenius
909 2654 1092 2724 negat
1151 2668 1260 2706 nec
1306 2648 1571 2707 Toddius
1632 2670 1877 2725 negasse
1931 2650 2185 2709 videtur.
2274 2651 2429 2711 Nam
2490 2652 2539 2709 si
2602 2651 2833 2727 aliquid

592 2737 664 2794 de
710 2735 974 2794 Patricio
1025 2742 1282 2809 constat,
1345 2737 1456 2795 hoc
1501 2744 1725 2797 certum
1774 2745 1880 2797 est.
1972 2739 2106 2799 Non
2167 2740 2503 2816 provocabo
2550 2740 2627 2798 ad
2672 2740 2833 2800 vitas

593 2843 782 2900 neque
844 2823 918 2881 ad
977 2823 1128 2881 illud
1169 2823 1424 2883 Patricii
1480 2822 1813 2896 „Patricius
1871 2824 2229 2887 Hiber-mione
2287 2826 2621 2888 constitutus
2682 2828 2830 2908 epis-

593 2917 808 2993 copus“
857 2914 976 2990 (ep.
1030 2914 1058 2969 l
1113 2913 1192 2971 H.
1241 2914 1358 2971 and
1405 2913 1492 2973 St.
1539 2914 1634 2989 ΙΙ,
1686 2916 1721 2971 2
1779 2938 1837 2993 p.
1888 2917 2042 2993 314)
2104 2936 2312 2992 nequer
2356 2916 2431 2975 ad
2493 2918 2833 2995 catalogum

595 3001 966 3075 Sanctorum,
1013 3001 1076 3060 in
1125 3022 1240 3079 quo
1286 3002 1432 3060 haec
1477 3004 1880 3081 reperiuntur:
1918 3004 2156 3087 primus
2201 3003 2348 3064 ordo
2398 3002 2835 3067 C'atholicorum

593 3088 945 3150 Sanctorum
1007 3098 1133 3151 erat
1190 3088 1254 3149 in
1313 3099 1568 3174 tempore
1624 3089 1885 3153 Patricii.
1992 3090 2072 3153 Et
2098 3101 2103 3105 ’
2131 3102 2264 3153 tunc
2322 3103 2488 3153 eram
2543 3091 2838 3178 Episcopi

593 3197 788 3239 omnes
819 3222 834 3237 .
871 3224 882 3237 .
918 3224 931 3236 .
1071 3176 1166 3238 Hi
1210 3198 1403 3239 omnes
1449 3180 1705 3261 episcopi
1746 3180 1820 3241 de
1867 3178 2156 3242 Romanis
2202 3191 2253 3241 et
2300 3178 2552 3243 Francis
2596 3192 2649 3243 et
2680 3182 2829 3243 Bm·-

594 3266 820 3328 tonibus
867 3276 919 3328 et
963 3264 1153 3328 Scotis
1199 3267 1388 3329 exorti
1429 3277 1562 3328 sunt
1608 3271 1711 3346 (H.
1758 3272 1891 3329 and.
1940 3270 2027 3330 St.
2075 3270 2161 3345 ΙΙ,
2206 3272 2243 3329 2
2291 3293 2349 3349 p.
2384 3273 2555 3349 292),
2603 3273 2709 3333 sed
2756 3273 2832 3332 ad

592 3356 818 3434 patrios
863 3356 1051 3433 ipsius
1103 3355 1352 3415 Patricii
1413 3378 1603 3417 mores
1650 3360 1853 3437 (supra
1898 3380 1955 3437 p.
2008 3361 2116 3436 29)
2165 3367 2225 3418 et
2286 3381 2481 3419 coram
2536 3362 2831 3435 omnibus,

596 3445 808 3521 quibus
867 3444 1196 3504 Patricium
1257 3466 1385 3503 cum
1447 3446 1734 3507 Romanis
1794 3448 2283 3507 necessitudinem
2359 3449 2637 3509 habuisse
2697 3472 2833 3529 per·

593 3532 892 3605 suaserim,
918 3534 994 3591 ad
1017 3533 1322 3593 Romanae
1347 3536 1624 3595 ecclesiae
1649 3536 2145 3596 consuetudinem.
2201 3537 2425 3611 Quodsi
2447 3538 2512 3596 in
2534 3539 2835 3599 Hibernia

597 3621 734 3679 olim
781 3622 1022 3681 fuerunt
1069 3622 1234 3681 sedes
1281 3624 1667 3701 episcopales,
1729 3626 1887 3684 haud
1947 3625 2120 3684 facile
2178 3627 2487 3704 quisquam
2536 3627 2653 3687 sibi
2697 3650 2830 3706 per-

595 3710 840 3768 suadeat
886 3730 1114 3769 omnem
1162 3712 1382 3789 prioris
1425 3719 1617 3773 status
1665 3713 2005 3773 memoriam
2052 3716 2357 3775 evanuisse
2402 3716 2563 3775 inter
2603 3715 2831 3779 Scotos.

778 3797 1111 3858 Secundum
1146 3801 1303 3877 quod
1337 3802 1576 3861 summis
1609 3804 1671 3862 in
1702 3803 2024 3862 honoribus
2056 3805 2213 3881 apud
2246 3803 2452 3863 Scotos
2496 3806 2835 3866 habebatur

598 3888 1017 3965 Hieronymus.
1111 3888 1296 3966 Cujus
1343 3892 1556 3950 aetatis
1604 3892 1705 3969 qui
1750 3892 1958 3951 fuisset
2012 3897 2205 3952 status
2262 3894 2689 3954 ecclesiasticus
2736 3898 2833 3955 vel

592 3977 1020 4051 hierarchicas,
1085 3978 1251 4040 Scoti
1310 3999 1426 4039 non
1482 3980 1869 4057 ignorabant,
1931 3981 2109 4040 immo
2157 3981 2445 4040 Columba
2491 3983 2830 4044 Luxovien-

594 4066 690 4139 sis,
735 4066 1002 4127 Hiiensis
1049 4068 1373 4127 Columbae
1419 4069 1701 4145 aequaliS,
1746 4070 1933 4147 ipsius
1979 4070 2331 4147 Hieronymi
2377 4071 2575 4132 verbis
2621 4073 2832 4147 utitur,

592 4161 662 4213 ut
723 4175 875 4231 quae
939 4156 1059 4215 sint
1121 4158 1562 4234 episcoporum,
1635 4178 1787 4235 quae
1861 4159 2275 4218 monachorum
2338 4158 2531 4219 officia
2592 4162 2829 4222 doceat:

594 4240 680 4301 St.
744 4239 1170 4325 Hieronymus,
1216 4244 1428 4321 inquit
1475 4246 1597 4324 (ep.
1649 4248 1703 4320 2,
1765 4246 1907 4306 bibl.
1952 4268 2103 4306 max.
2150 4254 2306 4325 patr.
2360 4250 2457 4322 12,
2505 4272 2563 4328 p.
2614 4248 2696 4309 26
2726 4250 2832 4328 D.)

580 4326 762 4411 jussit
793 4330 1086 4411 (piscopos
1115 4332 1341 4396 imitari
1370 4331 1677 4415 apostolo&
1723 4333 2034 4397 monachos
2064 4355 2196 4397 vero
2226 4336 2422 4397 docuit
2450 4337 2610 4420 sequi
2632 4348 2838 4422 patres
