<?xml version="1.0" encoding="UTF-8"?>
<!DOCTYPE html PUBLIC "-//W3C//DTD XHTML 1.0 Transitional//EN"
    "http://www.w3.org/TR/xhtml1/DTD/xhtml1-transitional.dtd">
<html xmlns="http://www.w3.org/1999/xhtml" xml:lang="en" lang="en">
 <head>
  <title>
</title>
<meta http-equiv="Content-Type" content="text/html;charset=utf-8" />
  <meta name='ocr-system' content='tesseract 3.04.00' />
  <meta name='ocr-capabilities' content='ocr_page ocr_carea ocr_par ocr_line ocrx_word'/>
</head>
<body>
  <div class='ocr_page' id='page_1' title='image "./antiquaebritonu01loofgoog_0061.png"; bbox 0 0 3167 4900; ppageno 0'>
   <div class='ocr_carea' id='block_1_1' title="bbox 1197 269 1633 329">
    <p class='ocr_par' dir='ltr' id='par_1_1' title="bbox 1197 269 1633 329">
     <span class='ocr_line' id='line_1_1' title="bbox 1197 269 1633 329; baseline 0.002 -14"><span class='ocrx_word' id='word_1_1' title='bbox 1197 269 1633 329; x_wconf 73' lang='lat'>—53—</span> 
     </span>
    </p>
   </div>
   <div class='ocr_carea' id='block_1_2' title="bbox 281 450 2529 1687">
    <p class='ocr_par' dir='ltr' id='par_1_2' title="bbox 283 450 2527 618">
     <span class='ocr_line' id='line_1_2' title="bbox 285 450 2527 529; baseline 0 -19"><span class='ocrx_word' id='word_1_2' title='bbox 285 472 462 528; x_wconf 88' lang='lat' dir='ltr'><strong>quam</strong></span> <span class='ocrx_word' id='word_1_3' title='bbox 493 450 840 525; x_wconf 77' lang='lat' dir='ltr'>Patricium,</span> <span class='ocrx_word' id='word_1_4' title='bbox 889 451 1144 528; x_wconf 89' lang='lat' dir='ltr'><strong>denique</strong></span> <span class='ocrx_word' id='word_1_5' title='bbox 1191 453 1412 509; x_wconf 88' lang='lat' dir='ltr'><strong>certum</strong></span> <span class='ocrx_word' id='word_1_6' title='bbox 1462 470 1593 509; x_wconf 87' lang='lat' dir='ltr'><strong>mea</strong></span> <span class='ocrx_word' id='word_1_7' title='bbox 1641 451 1877 528; x_wconf 88' lang='lat' dir='ltr'><strong>quidem</strong></span> <span class='ocrx_word' id='word_1_8' title='bbox 1924 452 2219 510; x_wconf 87' lang='lat' dir='ltr'><strong>sententia</strong></span> <span class='ocrx_word' id='word_1_9' title='bbox 2266 452 2527 529; x_wconf 82' lang='lat' dir='ltr'><strong>aliquam</strong></span> 
     </span>
     <span class='ocr_line' id='line_1_3' title="bbox 283 539 2145 618; baseline -0.001 -19"><span class='ocrx_word' id='word_1_10' title='bbox 283 561 548 618; x_wconf 89' lang='lat' dir='ltr'><strong>unquam</strong></span> <span class='ocrx_word' id='word_1_11' title='bbox 591 540 858 599; x_wconf 88' lang='lat' dir='ltr'><strong>Patricio</strong></span> <span class='ocrx_word' id='word_1_12' title='bbox 907 560 1039 599; x_wconf 89' lang='lat' dir='ltr'><strong>cum</strong></span> <span class='ocrx_word' id='word_1_13' title='bbox 1086 539 1372 598; x_wconf 85' lang='lat' dir='ltr'><strong>Romanis</strong></span> <span class='ocrx_word' id='word_1_14' title='bbox 1419 539 1599 598; x_wconf 86' lang='lat' dir='ltr'><strong>fuisse</strong></span> <span class='ocrx_word' id='word_1_15' title='bbox 1648 541 2145 600; x_wconf 90' lang='lat' dir='ltr'><strong>consuetudinem.</strong></span> 
     </span>
    </p>

    <p class='ocr_par' dir='ltr' id='par_1_3' title="bbox 283 628 2527 976">
     <span class='ocr_line' id='line_1_4' title="bbox 463 628 2527 710; baseline 0 -23"><span class='ocrx_word' id='word_1_16' title='bbox 463 629 630 706; x_wconf 84' lang='lat' dir='ltr'><strong>Ergo</strong></span> <span class='ocrx_word' id='word_1_17' title='bbox 680 629 823 706; x_wconf 92' lang='lat' dir='ltr'><strong>quid</strong></span> <span class='ocrx_word' id='word_1_18' title='bbox 870 630 1108 702; x_wconf 89' lang='lat' dir='ltr'><strong>mirum,</strong></span> <span class='ocrx_word' id='word_1_19' title='bbox 1171 628 1330 704; x_wconf 90' lang='lat' dir='ltr'><strong>quod</strong></span> <span class='ocrx_word' id='word_1_20' title='bbox 1389 648 1580 704; x_wconf 87' lang='lat' dir='ltr'><strong>neque</strong></span> <span class='ocrx_word' id='word_1_21' title='bbox 1634 629 1697 686; x_wconf 91' lang='lat' dir='ltr'><strong>in</strong></span> <span class='ocrx_word' id='word_1_22' title='bbox 1744 629 1995 688; x_wconf 88' lang='lat' dir='ltr'><strong>Patricii</strong></span> <span class='ocrx_word' id='word_1_23' title='bbox 2050 630 2287 710; x_wconf 90' lang='lat' dir='ltr'><strong>scriptis</strong></span> <span class='ocrx_word' id='word_1_24' title='bbox 2335 651 2527 707; x_wconf 89' lang='lat' dir='ltr'><strong>neque</strong></span> 
     </span>
     <span class='ocr_line' id='line_1_5' title="bbox 285 717 2527 795; baseline -0 -17"><span class='ocrx_word' id='word_1_25' title='bbox 285 718 430 778; x_wconf 88' lang='lat' dir='ltr'><strong>alibi</strong></span> <span class='ocrx_word' id='word_1_26' title='bbox 477 719 794 795; x_wconf 80' lang='lat' dir='ltr'><strong>quicquam</strong></span> <span class='ocrx_word' id='word_1_27' title='bbox 844 718 1118 792; x_wconf 84' lang='lat' dir='ltr'><strong>occurrit,</strong></span> <span class='ocrx_word' id='word_1_28' title='bbox 1169 718 1326 794; x_wconf 90' lang='lat' dir='ltr'><strong>quod</strong></span> <span class='ocrx_word' id='word_1_29' title='bbox 1373 717 1847 794; x_wconf 74' lang='lat' dir='ltr'><strong>antiquissimam</strong></span> <span class='ocrx_word' id='word_1_30' title='bbox 1880 717 2191 778; x_wconf 76' lang='lat' dir='ltr'><strong>Scotorum</strong></span> <span class='ocrx_word' id='word_1_31' title='bbox 2222 719 2527 778; x_wconf 87' lang='lat' dir='ltr'><strong>ecclesiam</strong></span> 
     </span>
     <span class='ocr_line' id='line_1_6' title="bbox 283 807 2527 884; baseline 0 -16"><span class='ocrx_word' id='word_1_32' title='bbox 283 829 416 868; x_wconf 91' lang='lat' dir='ltr'><strong>cum</strong></span> <span class='ocrx_word' id='word_1_33' title='bbox 476 807 776 881; x_wconf 87' lang='lat' dir='ltr'><strong>Romana,</strong></span> <span class='ocrx_word' id='word_1_34' title='bbox 847 807 1041 884; x_wconf 86' lang='lat' dir='ltr'><strong>qualis</strong></span> <span class='ocrx_word' id='word_1_35' title='bbox 1099 814 1243 866; x_wconf 90' lang='lat' dir='ltr'><strong>tunc</strong></span> <span class='ocrx_word' id='word_1_36' title='bbox 1305 811 1460 878; x_wconf 90' lang='lat' dir='ltr'><strong>erat,</strong></span> <span class='ocrx_word' id='word_1_37' title='bbox 1531 826 1651 865; x_wconf 90' lang='lat' dir='ltr'><strong>non</strong></span> <span class='ocrx_word' id='word_1_38' title='bbox 1711 808 1775 866; x_wconf 91' lang='lat' dir='ltr'><strong>in</strong></span> <span class='ocrx_word' id='word_1_39' title='bbox 1837 807 2110 868; x_wconf 89' lang='lat' dir='ltr'><strong>omnibus</strong></span> <span class='ocrx_word' id='word_1_40' title='bbox 2166 809 2527 868; x_wconf 77' lang='lat' dir='ltr'>consensisse</span> 
     </span>
     <span class='ocr_line' id='line_1_7' title="bbox 283 897 660 976; baseline -0.003 -20"><span class='ocrx_word' id='word_1_41' title='bbox 283 897 660 976; x_wconf 87' lang='lat' dir='ltr'><strong>comprobet!</strong></span> 
     </span>
    </p>

    <p class='ocr_par' dir='ltr' id='par_1_4' title="bbox 281 983 2529 1687">
     <span class='ocr_line' id='line_1_8' title="bbox 463 983 2526 1064; baseline 0 -20"><span class='ocrx_word' id='word_1_42' title='bbox 463 983 583 1044; x_wconf 88' lang='lat' dir='ltr'><strong>Sed</strong></span> <span class='ocrx_word' id='word_1_43' title='bbox 650 1006 724 1044; x_wconf 91' lang='lat' dir='ltr'><strong>ne</strong></span> <span class='ocrx_word' id='word_1_44' title='bbox 793 985 1089 1063; x_wconf 84' lang='lat' dir='ltr'><strong>quispiam</strong></span> <span class='ocrx_word' id='word_1_45' title='bbox 1157 991 1333 1064; x_wconf 90' lang='lat' dir='ltr'><strong>putet</strong></span> <span class='ocrx_word' id='word_1_46' title='bbox 1401 984 1476 1041; x_wconf 87' lang='lat' dir='ltr'><strong>ad</strong></span> <span class='ocrx_word' id='word_1_47' title='bbox 1545 985 1856 1044; x_wconf 78' lang='lat' dir='ltr'><strong>obscuram</strong></span> <span class='ocrx_word' id='word_1_48' title='bbox 1934 993 2115 1064; x_wconf 87' lang='lat' dir='ltr'><strong>atque</strong></span> <span class='ocrx_word' id='word_1_49' title='bbox 2194 991 2526 1046; x_wconf 76' lang='lat' dir='ltr'><strong>contortam</strong></span> 
     </span>
     <span class='ocr_line' id='line_1_9' title="bbox 281 1073 2527 1151; baseline -0 -17"><span class='ocrx_word' id='word_1_50' title='bbox 281 1073 539 1134; x_wconf 86' lang='lat' dir='ltr'><strong>Patricii</strong></span> <span class='ocrx_word' id='word_1_51' title='bbox 584 1074 892 1133; x_wconf 82' lang='lat' dir='ltr'><strong>historiam</strong></span> <span class='ocrx_word' id='word_1_52' title='bbox 937 1074 1132 1133; x_wconf 89' lang='lat' dir='ltr'><strong>redire</strong></span> <span class='ocrx_word' id='word_1_53' title='bbox 1179 1073 1584 1151; x_wconf 89' lang='lat' dir='ltr'><strong>quaestionem</strong></span> <span class='ocrx_word' id='word_1_54' title='bbox 1632 1073 1706 1132; x_wconf 89' lang='lat' dir='ltr'><strong>de</strong></span> <span class='ocrx_word' id='word_1_55' title='bbox 1752 1075 2201 1151; x_wconf 78' lang='lat' dir='ltr'><strong>antiquissimae</strong></span> <span class='ocrx_word' id='word_1_56' title='bbox 2247 1075 2527 1133; x_wconf 87' lang='lat' dir='ltr'><strong>ecclesiae</strong></span> 
     </span>
     <span class='ocr_line' id='line_1_10' title="bbox 282 1162 2525 1241; baseline -0 -18"><span class='ocrx_word' id='word_1_57' title='bbox 282 1165 598 1224; x_wconf 82' lang='lat' dir='ltr'><strong>Scotorum</strong></span> <span class='ocrx_word' id='word_1_58' title='bbox 644 1169 860 1222; x_wconf 88' lang='lat' dir='ltr'><strong>natura</strong></span> <span class='ocrx_word' id='word_1_59' title='bbox 906 1169 966 1222; x_wconf 88' lang='lat' dir='ltr'><strong>et</strong></span> <span class='ocrx_word' id='word_1_60' title='bbox 1011 1163 1298 1236; x_wconf 76' lang='lat' dir='ltr'><strong>moribu8,</strong></span> <span class='ocrx_word' id='word_1_61' title='bbox 1370 1168 1699 1221; x_wconf 86' lang='lat' dir='ltr'><strong>extremum</strong></span> <span class='ocrx_word' id='word_1_62' title='bbox 1745 1162 1895 1221; x_wconf 92' lang='lat' dir='ltr'><strong>illud</strong></span> <span class='ocrx_word' id='word_1_63' title='bbox 1952 1165 2054 1236; x_wconf 91' lang='lat' dir='ltr'><strong>sit,</strong></span> <span class='ocrx_word' id='word_1_64' title='bbox 2126 1170 2193 1222; x_wconf 87' lang='lat' dir='ltr'><strong>ut</strong></span> <span class='ocrx_word' id='word_1_65' title='bbox 2238 1171 2525 1241; x_wconf 81' lang='lat' dir='ltr'><strong>repetam,</strong></span> 
     </span>
     <span class='ocr_line' id='line_1_11' title="bbox 284 1250 2525 1332; baseline 0 -21"><span class='ocrx_word' id='word_1_66' title='bbox 284 1273 436 1331; x_wconf 87' lang='lat' dir='ltr'><strong>quae</strong></span> <span class='ocrx_word' id='word_1_67' title='bbox 483 1272 662 1331; x_wconf 88' lang='lat' dir='ltr'><strong>supra</strong></span> <span class='ocrx_word' id='word_1_68' title='bbox 701 1255 826 1328; x_wconf 82' lang='lat' dir='ltr'><strong>jam</strong></span> <span class='ocrx_word' id='word_1_69' title='bbox 873 1252 1090 1312; x_wconf 87' lang='lat' dir='ltr'><strong>similia</strong></span> <span class='ocrx_word' id='word_1_70' title='bbox 1136 1252 1276 1310; x_wconf 84' lang='lat' dir='ltr'><strong>dixi.</strong></span> <span class='ocrx_word' id='word_1_71' title='bbox 1338 1251 1513 1310; x_wconf 81' lang='lat' dir='ltr'><strong>Licet</strong></span> <span class='ocrx_word' id='word_1_72' title='bbox 1540 1250 1681 1310; x_wconf 88' lang='lat' dir='ltr'><strong>ficta</strong></span> <span class='ocrx_word' id='word_1_73' title='bbox 1724 1251 1803 1311; x_wconf 88' lang='lat' dir='ltr'><strong>sit</strong></span> <span class='ocrx_word' id='word_1_74' title='bbox 1833 1251 2117 1332; x_wconf 88' lang='lat' dir='ltr'><strong>Prosperi</strong></span> <span class='ocrx_word' id='word_1_75' title='bbox 2149 1253 2221 1310; x_wconf 90' lang='lat' dir='ltr'><strong>de</strong></span> <span class='ocrx_word' id='word_1_76' title='bbox 2254 1253 2525 1311; x_wconf 91' lang='lat' dir='ltr'><strong>Palladio</strong></span> 
     </span>
     <span class='ocr_line' id='line_1_12' title="bbox 282 1339 2529 1419; baseline -0 -19"><span class='ocrx_word' id='word_1_77' title='bbox 282 1341 574 1413; x_wconf 88' lang='lat' dir='ltr'><strong>narratio,</strong></span> <span class='ocrx_word' id='word_1_78' title='bbox 621 1341 763 1401; x_wconf 91' lang='lat' dir='ltr'><strong>licet</strong></span> <span class='ocrx_word' id='word_1_79' title='bbox 807 1361 1110 1418; x_wconf 85' lang='lat' dir='ltr'><strong>nunquam</strong></span> <span class='ocrx_word' id='word_1_80' title='bbox 1153 1340 1453 1400; x_wconf 85' lang='lat' dir='ltr'><strong>Patricius</strong></span> <span class='ocrx_word' id='word_1_81' title='bbox 1499 1340 1562 1398; x_wconf 88' lang='lat' dir='ltr'><strong>in</strong></span> <span class='ocrx_word' id='word_1_82' title='bbox 1610 1340 1819 1413; x_wconf 88' lang='lat' dir='ltr'><strong>Italia,</strong></span> <span class='ocrx_word' id='word_1_83' title='bbox 1868 1361 2169 1419; x_wconf 89' lang='lat' dir='ltr'><strong>nunquam</strong></span> <span class='ocrx_word' id='word_1_84' title='bbox 2214 1342 2278 1399; x_wconf 89' lang='lat' dir='ltr'><strong>in</strong></span> <span class='ocrx_word' id='word_1_85' title='bbox 2328 1339 2529 1399; x_wconf 82' lang='lat' dir='ltr'><strong>Gallia</strong></span> 
     </span>
     <span class='ocr_line' id='line_1_13' title="bbox 281 1429 2526 1507; baseline 0 -19"><span class='ocrx_word' id='word_1_86' title='bbox 281 1431 490 1503; x_wconf 88' lang='lat' dir='ltr'><strong>fuerit,</strong></span> <span class='ocrx_word' id='word_1_87' title='bbox 551 1436 750 1489; x_wconf 88' lang='lat' dir='ltr'><strong>tamen</strong></span> <span class='ocrx_word' id='word_1_88' title='bbox 813 1431 954 1506; x_wconf 89' lang='lat' dir='ltr'><strong>quia</strong></span> <span class='ocrx_word' id='word_1_89' title='bbox 998 1429 1308 1489; x_wconf 89' lang='lat' dir='ltr'><strong>Britonem</strong></span> <span class='ocrx_word' id='word_1_90' title='bbox 1371 1449 1502 1487; x_wconf 91' lang='lat' dir='ltr'><strong>eum</strong></span> <span class='ocrx_word' id='word_1_91' title='bbox 1547 1430 1729 1490; x_wconf 88' lang='lat' dir='ltr'><strong>fuisse</strong></span> <span class='ocrx_word' id='word_1_92' title='bbox 1794 1437 2051 1504; x_wconf 88' lang='lat' dir='ltr'><strong>constat,</strong></span> <span class='ocrx_word' id='word_1_93' title='bbox 2116 1430 2526 1507; x_wconf 87' lang='lat' dir='ltr'><strong>antiquissima</strong></span> 
     </span>
     <span class='ocr_line' id='line_1_14' title="bbox 283 1518 2527 1595; baseline -0.001 -17"><span class='ocrx_word' id='word_1_94' title='bbox 283 1518 598 1579; x_wconf 86' lang='lat' dir='ltr'><strong>Scotorum</strong></span> <span class='ocrx_word' id='word_1_95' title='bbox 646 1519 904 1592; x_wconf 88' lang='lat' dir='ltr'><strong>ecclesia,</strong></span> <span class='ocrx_word' id='word_1_96' title='bbox 953 1539 1130 1595; x_wconf 90' lang='lat' dir='ltr'><strong>quam</strong></span> <span class='ocrx_word' id='word_1_97' title='bbox 1175 1519 1273 1578; x_wconf 84' lang='lat' dir='ltr'><strong>ille</strong></span> <span class='ocrx_word' id='word_1_98' title='bbox 1297 1519 1382 1576; x_wconf 85' lang='lat' dir='ltr'><strong>·in</strong></span> <span class='ocrx_word' id='word_1_99' title='bbox 1428 1519 1726 1578; x_wconf 86' lang='lat' dir='ltr'><strong>Hibernia</strong></span> <span class='ocrx_word' id='word_1_100' title='bbox 1772 1520 2108 1593; x_wconf 87' lang='lat' dir='ltr'><strong>constituit,</strong></span> <span class='ocrx_word' id='word_1_101' title='bbox 2156 1521 2232 1579; x_wconf 90' lang='lat' dir='ltr'><strong>ab</strong></span> <span class='ocrx_word' id='word_1_102' title='bbox 2282 1519 2527 1578; x_wconf 87' lang='lat' dir='ltr'><strong>ecclesia</strong></span> 
     </span>
     <span class='ocr_line' id='line_1_15' title="bbox 281 1607 2026 1687; baseline -0.001 -19"><span class='ocrx_word' id='word_1_103' title='bbox 281 1608 555 1668; x_wconf 87' lang='lat' dir='ltr'><strong>Romana</strong></span> <span class='ocrx_word' id='word_1_104' title='bbox 601 1608 912 1668; x_wconf 86' lang='lat' dir='ltr'><strong>dissentire</strong></span> <span class='ocrx_word' id='word_1_105' title='bbox 957 1629 1074 1668; x_wconf 91' lang='lat' dir='ltr'><strong>non</strong></span> <span class='ocrx_word' id='word_1_106' title='bbox 1122 1607 1338 1687; x_wconf 83' lang='lat' dir='ltr'><strong>potuit.</strong></span> <span class='ocrx_word' id='word_1_107' title='bbox 1431 1607 1649 1685; x_wconf 84' lang='lat' dir='ltr'><strong>Itaque</strong></span> <span class='ocrx_word' id='word_1_108' title='bbox 1695 1608 1799 1684; x_wconf 87' lang='lat' dir='ltr'><strong>qui</strong></span> <span class='ocrx_word' id='word_1_109' title='bbox 1844 1609 2026 1668; x_wconf 86' lang='lat' dir='ltr'><strong>fuerit</strong></span> 
     </span>
    </p>
   </div>
   <div class='ocr_carea' id='block_1_3' title="bbox 372 1871 2435 1941">
    <p class='ocr_par' dir='ltr' id='par_1_5' title="bbox 372 1871 2435 1941">
     <span class='ocr_line' id='line_1_16' title="bbox 372 1871 2435 1941; baseline -0.001 0"><span class='ocrx_word' id='word_1_110' title='bbox 372 1873 684 1941; x_wconf 78' lang='lat' dir='ltr'><strong>secundae</strong></span> <span class='ocrx_word' id='word_1_111' title='bbox 730 1873 1038 1940; x_wconf 78' lang='lat' dir='ltr'><strong>ecclesiae</strong></span> <span class='ocrx_word' id='word_1_112' title='bbox 1083 1871 1398 1939; x_wconf 71' lang='lat' dir='ltr'><strong>Scotorum</strong></span> <span class='ocrx_word' id='word_1_113' title='bbox 1447 1871 1673 1940; x_wconf 71' lang='lat' dir='ltr'><strong>aetatis</strong></span> <span class='ocrx_word' id='word_1_114' title='bbox 1719 1871 1923 1938; x_wconf 71' lang='lat' dir='ltr'><strong>status</strong></span> <span class='ocrx_word' id='word_1_115' title='bbox 1969 1871 2435 1940; x_wconf 68' lang='lat' dir='ltr'><strong>ecclesiasticus</strong></span> 
     </span>
    </p>
   </div>
   <div class='ocr_carea' id='block_1_4' title="bbox 277 2052 2525 2219">
    <p class='ocr_par' dir='ltr' id='par_1_6' title="bbox 277 2052 2525 2219">
     <span class='ocr_line' id='line_1_17' title="bbox 277 2052 2525 2132; baseline -0 -20"><span class='ocrx_word' id='word_1_116' title='bbox 277 2058 404 2131; x_wconf 85' lang='lat' dir='ltr'><strong>jam</strong></span> <span class='ocrx_word' id='word_1_117' title='bbox 458 2053 630 2113; x_wconf 88' lang='lat' dir='ltr'><strong>nobis</strong></span> <span class='ocrx_word' id='word_1_118' title='bbox 678 2054 1045 2130; x_wconf 90' lang='lat' dir='ltr'><strong>quarendum</strong></span> <span class='ocrx_word' id='word_1_119' title='bbox 1105 2058 1220 2126; x_wconf 90' lang='lat' dir='ltr'><strong>est,</strong></span> <span class='ocrx_word' id='word_1_120' title='bbox 1284 2073 1352 2112; x_wconf 87' lang='lat' dir='ltr'><strong>ac</strong></span> <span class='ocrx_word' id='word_1_121' title='bbox 1405 2053 1663 2131; x_wconf 90' lang='lat' dir='ltr'><strong>primum</strong></span> <span class='ocrx_word' id='word_1_122' title='bbox 1720 2052 1985 2128; x_wconf 89' lang='lat' dir='ltr'><strong>quidem,</strong></span> <span class='ocrx_word' id='word_1_123' title='bbox 2046 2059 2116 2112; x_wconf 90' lang='lat' dir='ltr'><strong>ut</strong></span> <span class='ocrx_word' id='word_1_124' title='bbox 2171 2073 2351 2132; x_wconf 91' lang='lat' dir='ltr'><strong>supra</strong></span> <span class='ocrx_word' id='word_1_125' title='bbox 2401 2056 2525 2129; x_wconf 83' lang='lat' dir='ltr'><strong>jam</strong></span> 
     </span>
     <span class='ocr_line' id='line_1_18' title="bbox 283 2141 1127 2219; baseline -0.004 -17"><span class='ocrx_word' id='word_1_126' title='bbox 283 2143 556 2217; x_wconf 85' lang='lat' dir='ltr'><strong>diximus,</strong></span> <span class='ocrx_word' id='word_1_127' title='bbox 606 2141 1007 2219; x_wconf 87' lang='lat' dir='ltr'><strong>quaerendum</strong></span> <span class='ocrx_word' id='word_1_128' title='bbox 1055 2161 1127 2199; x_wconf 87' lang='lat' dir='ltr'><strong>ex</strong></span> 
     </span>
    </p>
   </div>
   <div class='ocr_carea' id='block_1_5' title="bbox 787 2334 2023 2403">
    <p class='ocr_par' dir='ltr' id='par_1_7' title="bbox 787 2334 2023 2403">
     <span class='ocr_line' id='line_1_19' title="bbox 787 2334 2023 2403; baseline 0 -1"><span class='ocrx_word' id='word_1_129' title='bbox 787 2335 1111 2402; x_wconf 78' lang='lat' dir='ltr'><strong>columbae</strong></span> <span class='ocrx_word' id='word_1_130' title='bbox 1158 2335 1400 2403; x_wconf 73' lang='lat' dir='ltr'><strong>abbatis</strong></span> <span class='ocrx_word' id='word_1_131' title='bbox 1448 2335 1707 2402; x_wconf 72' lang='lat' dir='ltr'><strong>Hiiensis</strong></span> <span class='ocrx_word' id='word_1_132' title='bbox 1756 2334 2023 2402; x_wconf 73' lang='lat' dir='ltr'><strong>historia.</strong></span> 
     </span>
    </p>
   </div>
   <div class='ocr_carea' id='block_1_6' title="bbox 280 2498 2527 4445">
    <p class='ocr_par' dir='ltr' id='par_1_8' title="bbox 280 2498 2527 4339">
     <span class='ocr_line' id='line_1_20' title="bbox 283 2498 2527 2576; baseline -0.001 -16"><span class='ocrx_word' id='word_1_133' title='bbox 283 2502 378 2560; x_wconf 92' lang='lat' dir='ltr'><strong>De</strong></span> <span class='ocrx_word' id='word_1_134' title='bbox 424 2499 740 2573; x_wconf 85' lang='lat' dir='ltr'><strong>Columba,</strong></span> <span class='ocrx_word' id='word_1_135' title='bbox 811 2500 1026 2559; x_wconf 85' lang='lat' dir='ltr'><strong>abbate</strong></span> <span class='ocrx_word' id='word_1_136' title='bbox 1073 2499 1310 2558; x_wconf 89' lang='lat' dir='ltr'><strong>Hiiensi</strong></span> <span class='ocrx_word' id='word_1_137' title='bbox 1372 2498 1472 2558; x_wconf 87' lang='lat' dir='ltr'><strong>vix</strong></span> <span class='ocrx_word' id='word_1_138' title='bbox 1533 2499 1709 2576; x_wconf 86' lang='lat' dir='ltr'><strong>plura</strong></span> <span class='ocrx_word' id='word_1_139' title='bbox 1768 2504 2064 2572; x_wconf 89' lang='lat' dir='ltr'><strong>constare,</strong></span> <span class='ocrx_word' id='word_1_140' title='bbox 2136 2519 2313 2575; x_wconf 91' lang='lat' dir='ltr'><strong>quam</strong></span> <span class='ocrx_word' id='word_1_141' title='bbox 2374 2506 2527 2575; x_wconf 86' lang='lat' dir='ltr'><strong>quae</strong></span> 
     </span>
     <span class='ocr_line' id='line_1_21' title="bbox 283 2585 2523 2664; baseline -0.001 -15"><span class='ocrx_word' id='word_1_142' title='bbox 283 2589 452 2649; x_wconf 88' lang='lat' dir='ltr'><strong>Beda</strong></span> <span class='ocrx_word' id='word_1_143' title='bbox 496 2595 768 2648; x_wconf 85' lang='lat' dir='ltr'><strong>narraret</strong></span> <span class='ocrx_word' id='word_1_144' title='bbox 815 2588 896 2664; x_wconf 90' lang='lat' dir='ltr'><strong>(h.</strong></span> <span class='ocrx_word' id='word_1_145' title='bbox 931 2610 978 2647; x_wconf 94' lang='lat' dir='ltr'><strong>e.</strong></span> <span class='ocrx_word' id='word_1_146' title='bbox 1013 2589 1070 2662; x_wconf 85' lang='lat'><strong>3,</strong></span> <span class='ocrx_word' id='word_1_147' title='bbox 1106 2589 1145 2646; x_wconf 88' lang='lat'>4</span> <span class='ocrx_word' id='word_1_148' title='bbox 1193 2593 1256 2647; x_wconf 91' lang='lat' dir='ltr'><strong>et</strong></span> <span class='ocrx_word' id='word_1_149' title='bbox 1303 2588 1360 2661; x_wconf 85' lang='lat'><strong>3,</strong></span> <span class='ocrx_word' id='word_1_150' title='bbox 1396 2587 1478 2645; x_wconf 87' lang='grc'><strong>25</strong></span> <span class='ocrx_word' id='word_1_151' title='bbox 1529 2588 1601 2645; x_wconf 90' lang='lat' dir='ltr'><strong>cf.</strong></span> <span class='ocrx_word' id='word_1_152' title='bbox 1636 2587 1693 2661; x_wconf 88' lang='grc'><strong>5,</strong></span> <span class='ocrx_word' id='word_1_153' title='bbox 1729 2588 1793 2663; x_wconf 87' lang='grc'><strong>9)</strong></span> <span class='ocrx_word' id='word_1_154' title='bbox 1826 2585 2155 2647; x_wconf 88' lang='lat' dir='ltr'><strong>Schoellius</strong></span> <span class='ocrx_word' id='word_1_155' title='bbox 2203 2588 2263 2645; x_wconf 91' lang='lat' dir='ltr'><strong>in</strong></span> <span class='ocrx_word' id='word_1_156' title='bbox 2312 2588 2523 2647; x_wconf 88' lang='lat' dir='ltr'><strong>disser-</strong></span> 
     </span>
     <span class='ocr_line' id='line_1_22' title="bbox 285 2675 2525 2755; baseline -0.001 -16"><span class='ocrx_word' id='word_1_157' title='bbox 285 2680 514 2739; x_wconf 87' lang='lat' dir='ltr'><strong>tatione</strong></span> <span class='ocrx_word' id='word_1_158' title='bbox 559 2698 668 2737; x_wconf 89' lang='lat' dir='ltr'><strong>sua</strong></span> <span class='ocrx_word' id='word_1_159' title='bbox 717 2683 1025 2737; x_wconf 89' lang='lat' dir='ltr'><strong>censuerat</strong></span> <span class='ocrx_word' id='word_1_160' title='bbox 1071 2680 1152 2755; x_wconf 92' lang='lat' dir='ltr'><strong>(p.</strong></span> <span class='ocrx_word' id='word_1_161' title='bbox 1189 2678 1316 2753; x_wconf 89' lang='grc'>61),</span> <span class='ocrx_word' id='word_1_162' title='bbox 1363 2683 1573 2754; x_wconf 88' lang='lat' dir='ltr'><strong>postea</strong></span> <span class='ocrx_word' id='word_1_163' title='bbox 1606 2675 1874 2753; x_wconf 86' lang='lat' dir='ltr'><strong>(Herzog</strong></span> <span class='ocrx_word' id='word_1_164' title='bbox 1904 2676 1979 2734; x_wconf 82' lang='lat' dir='ltr'><strong>R.</strong></span> <span class='ocrx_word' id='word_1_165' title='bbox 2010 2676 2082 2734; x_wconf 83' lang='lat' dir='ltr'><strong>E.</strong></span> <span class='ocrx_word' id='word_1_166' title='bbox 2119 2678 2174 2750; x_wconf 91' lang='grc'><strong>2,</strong></span> <span class='ocrx_word' id='word_1_167' title='bbox 2210 2677 2365 2753; x_wconf 87' lang='grc'>788)</span> <span class='ocrx_word' id='word_1_168' title='bbox 2397 2677 2525 2755; x_wconf 90' lang='lat' dir='ltr'><strong>ipse</strong></span> 
     </span>
     <span class='ocr_line' id='line_1_23' title="bbox 284 2764 2527 2844; baseline -0.001 -17"><span class='ocrx_word' id='word_1_169' title='bbox 284 2767 519 2827; x_wconf 83' lang='lat' dir='ltr'><strong>addidit</strong></span> <span class='ocrx_word' id='word_1_170' title='bbox 563 2767 749 2825; x_wconf 84' lang='lat' dir='ltr'><strong>vitam</strong></span> <span class='ocrx_word' id='word_1_171' title='bbox 799 2767 1120 2826; x_wconf 85' lang='lat' dir='ltr'><strong>Columbae</strong></span> <span class='ocrx_word' id='word_1_172' title='bbox 1167 2767 1243 2825; x_wconf 93' lang='lat' dir='ltr'><strong>ab</strong></span> <span class='ocrx_word' id='word_1_173' title='bbox 1289 2764 1669 2837; x_wconf 87' lang='lat' dir='ltr'><strong>Adamnano,</strong></span> <span class='ocrx_word' id='word_1_174' title='bbox 1734 2769 1793 2823; x_wconf 87' lang='lat' dir='ltr'><strong>et</strong></span> <span class='ocrx_word' id='word_1_175' title='bbox 1847 2765 1978 2844; x_wconf 88' lang='lat' dir='ltr'><strong>ipso</strong></span> <span class='ocrx_word' id='word_1_176' title='bbox 2026 2765 2243 2825; x_wconf 88' lang='lat' dir='ltr'><strong>abbate</strong></span> <span class='ocrx_word' id='word_1_177' title='bbox 2290 2766 2527 2825; x_wconf 90' lang='lat' dir='ltr'><strong>Hiiensi</strong></span> 
     </span>
     <span class='ocr_line' id='line_1_24' title="bbox 285 2853 2523 2934; baseline -0.002 -19"><span class='ocrx_word' id='word_1_178' title='bbox 285 2860 394 2933; x_wconf 83' lang='lat'><strong>(67</strong></span> <span class='ocrx_word' id='word_1_179' title='bbox 404 2856 666 2913; x_wconf 85' lang='lat'>9--704</span> <span class='ocrx_word' id='word_1_180' title='bbox 698 2855 777 2913; x_wconf 89' lang='grc' dir='ltr'><strong>Η.</strong></span> <span class='ocrx_word' id='word_1_181' title='bbox 811 2856 928 2915; x_wconf 90' lang='lat' dir='ltr'><strong>and</strong></span> <span class='ocrx_word' id='word_1_182' title='bbox 961 2854 1048 2914; x_wconf 91' lang='lat' dir='ltr'><strong>St.</strong></span> <span class='ocrx_word' id='word_1_183' title='bbox 1079 2855 1166 2928; x_wconf 87' lang='lat' dir='ltr'><strong>H,</strong></span> <span class='ocrx_word' id='word_1_184' title='bbox 1208 2858 1258 2929; x_wconf 91' lang='lat' dir='ltr'><strong>l,</strong></span> <span class='ocrx_word' id='word_1_185' title='bbox 1290 2877 1349 2934; x_wconf 90' lang='lat' dir='ltr'><strong>p.</strong></span> <span class='ocrx_word' id='word_1_186' title='bbox 1389 2854 1557 2931; x_wconf 85' lang='lat'><strong>135),</strong></span> <span class='ocrx_word' id='word_1_187' title='bbox 1607 2854 2001 2932; x_wconf 87' lang='lat' dir='ltr'><strong>conscriptam</strong></span> <span class='ocrx_word' id='word_1_188' title='bbox 2032 2853 2199 2931; x_wconf 86' lang='lat' dir='ltr'><strong>(Act.</strong></span> <span class='ocrx_word' id='word_1_189' title='bbox 2232 2853 2338 2914; x_wconf 91' lang='lat' dir='ltr'><strong>SS.</strong></span> <span class='ocrx_word' id='word_1_190' title='bbox 2369 2854 2523 2913; x_wconf 90' lang='lat' dir='ltr'><strong>Boll.</strong></span> 
     </span>
     <span class='ocr_line' id='line_1_25' title="bbox 281 2943 2525 3023; baseline -0.001 -19"><span class='ocrx_word' id='word_1_191' title='bbox 281 2946 414 3005; x_wconf 79' lang='lat' dir='ltr'><strong>Juli</strong></span> <span class='ocrx_word' id='word_1_192' title='bbox 448 2946 505 3017; x_wconf 87' lang='grc'><strong>9,</strong></span> <span class='ocrx_word' id='word_1_193' title='bbox 537 2966 595 3023; x_wconf 92' lang='lat' dir='ltr'><strong>p.</strong></span> <span class='ocrx_word' id='word_1_194' title='bbox 635 2946 756 3002; x_wconf 87' lang='lat'><strong>197</strong></span> <span class='ocrx_word' id='word_1_195' title='bbox 793 2964 920 3021; x_wconf 89' lang='lat' dir='ltr'><strong>sqq.</strong></span> <span class='ocrx_word' id='word_1_196' title='bbox 953 2951 1014 3003; x_wconf 89' lang='lat' dir='ltr'><strong>et</strong></span> <span class='ocrx_word' id='word_1_197' title='bbox 1045 2944 1232 3019; x_wconf 90' lang='lat' dir='ltr'><strong>alibi),</strong></span> <span class='ocrx_word' id='word_1_198' title='bbox 1280 2964 1457 3019; x_wconf 90' lang='lat' dir='ltr'><strong>quam</strong></span> <span class='ocrx_word' id='word_1_199' title='bbox 1499 2956 1679 3003; x_wconf 86' lang='lat' dir='ltr'><strong>antea</strong></span> <span class='ocrx_word' id='word_1_200' title='bbox 1724 2950 1969 3021; x_wconf 90' lang='lat' dir='ltr'><strong>propter</strong></span> <span class='ocrx_word' id='word_1_201' title='bbox 2013 2945 2260 3016; x_wconf 89' lang='lat' dir='ltr'><strong>fabulas,</strong></span> <span class='ocrx_word' id='word_1_202' title='bbox 2311 2943 2525 3019; x_wconf 92' lang='lat' dir='ltr'><strong>quibus</strong></span> 
     </span>
     <span class='ocr_line' id='line_1_26' title="bbox 284 3031 2525 3109; baseline -0.002 -15"><span class='ocrx_word' id='word_1_203' title='bbox 284 3033 576 3106; x_wconf 86' lang='lat' dir='ltr'><strong>abundat,</strong></span> <span class='ocrx_word' id='word_1_204' title='bbox 638 3031 995 3092; x_wconf 86' lang='lat' dir='ltr'><strong>Adamnano</strong></span> <span class='ocrx_word' id='word_1_205' title='bbox 1057 3033 1384 3093; x_wconf 88' lang='lat' dir='ltr'><strong>attribuere</strong></span> <span class='ocrx_word' id='word_1_206' title='bbox 1445 3031 1843 3091; x_wconf 86' lang='lat' dir='ltr'><strong>dubitaverat.</strong></span> <span class='ocrx_word' id='word_1_207' title='bbox 1950 3032 2033 3089; x_wconf 86' lang='lat' dir='ltr'><strong>Et</strong></span> <span class='ocrx_word' id='word_1_208' title='bbox 2102 3032 2327 3109; x_wconf 88' lang='lat' dir='ltr'><strong>optimo</strong></span> <span class='ocrx_word' id='word_1_209' title='bbox 2391 3034 2525 3107; x_wconf 85' lang='lat' dir='ltr'><strong>jure</strong></span> 
     </span>
     <span class='ocr_line' id='line_1_27' title="bbox 284 3118 2523 3201; baseline -0.002 -19"><span class='ocrx_word' id='word_1_210' title='bbox 284 3123 545 3201; x_wconf 89' lang='lat' dir='ltr'><strong>priorem</strong></span> <span class='ocrx_word' id='word_1_211' title='bbox 591 3142 756 3180; x_wconf 88' lang='lat' dir='ltr'><strong>suam</strong></span> <span class='ocrx_word' id='word_1_212' title='bbox 802 3123 1156 3181; x_wconf 89' lang='lat' dir='ltr'><strong>sententiam</strong></span> <span class='ocrx_word' id='word_1_213' title='bbox 1189 3120 1518 3179; x_wconf 90' lang='lat' dir='ltr'><strong>Schoellius</strong></span> <span class='ocrx_word' id='word_1_214' title='bbox 1549 3120 1841 3198; x_wconf 86' lang='lat' dir='ltr'><strong>deposuit.</strong></span> <span class='ocrx_word' id='word_1_215' title='bbox 1904 3119 2079 3179; x_wconf 90' lang='lat' dir='ltr'><strong>Licet</strong></span> <span class='ocrx_word' id='word_1_216' title='bbox 2110 3120 2265 3178; x_wconf 90' lang='lat' dir='ltr'><strong>enim</strong></span> <span class='ocrx_word' id='word_1_217' title='bbox 2298 3118 2523 3179; x_wconf 89' lang='lat' dir='ltr'><strong>Adam-</strong></span> 
     </span>
     <span class='ocr_line' id='line_1_28' title="bbox 283 3207 2525 3285; baseline -0.002 -13"><span class='ocrx_word' id='word_1_218' title='bbox 283 3232 476 3271; x_wconf 88' lang='lat' dir='ltr'><strong>nanus</strong></span> <span class='ocrx_word' id='word_1_219' title='bbox 534 3216 764 3271; x_wconf 89' lang='lat' dir='ltr'><strong>tantam</strong></span> <span class='ocrx_word' id='word_1_220' title='bbox 825 3211 1002 3269; x_wconf 88' lang='lat' dir='ltr'><strong>fidem</strong></span> <span class='ocrx_word' id='word_1_221' title='bbox 1063 3210 1362 3269; x_wconf 89' lang='lat' dir='ltr'><strong>miraculis</strong></span> <span class='ocrx_word' id='word_1_222' title='bbox 1424 3208 1793 3285; x_wconf 84' lang='lat' dir='ltr'><strong>adjunxerit,</strong></span> <span class='ocrx_word' id='word_1_223' title='bbox 1856 3214 1925 3267; x_wconf 94' lang='lat' dir='ltr'><strong>ut</strong></span> <span class='ocrx_word' id='word_1_224' title='bbox 1970 3209 2064 3268; x_wconf 85' lang='lat' dir='ltr'><strong>vel</strong></span> <span class='ocrx_word' id='word_1_225' title='bbox 2122 3207 2397 3268; x_wconf 88' lang='lat' dir='ltr'><strong>absurdis</strong></span> <span class='ocrx_word' id='word_1_226' title='bbox 2458 3230 2525 3267; x_wconf 91' lang='lat' dir='ltr'><strong>ac</strong></span> 
     </span>
     <span class='ocr_line' id='line_1_29' title="bbox 281 3297 2524 3381; baseline -0.001 -22"><span class='ocrx_word' id='word_1_227' title='bbox 281 3303 462 3381; x_wconf 87' lang='lat' dir='ltr'><strong>plane</strong></span> <span class='ocrx_word' id='word_1_228' title='bbox 521 3300 744 3379; x_wconf 80' lang='lat' dir='ltr'><strong>ineptis</strong></span> <span class='ocrx_word' id='word_1_229' title='bbox 805 3300 984 3359; x_wconf 89' lang='lat' dir='ltr'><strong>rebus</strong></span> <span class='ocrx_word' id='word_1_230' title='bbox 1043 3300 1300 3377; x_wconf 83' lang='lat' dir='ltr'><strong>gaudeat</strong></span> <span class='ocrx_word' id='word_1_231' title='bbox 1361 3300 1435 3374; x_wconf 91' lang='lat' dir='ltr'><strong>(e.</strong></span> <span class='ocrx_word' id='word_1_232' title='bbox 1477 3319 1532 3376; x_wconf 91' lang='lat' dir='ltr'><strong>g.</strong></span> <span class='ocrx_word' id='word_1_233' title='bbox 1569 3300 1625 3372; x_wconf 91' lang='grc'><strong>2,</strong></span> <span class='ocrx_word' id='word_1_234' title='bbox 1663 3297 1764 3372; x_wconf 88' lang='grc'><strong>53,</strong></span> <span class='ocrx_word' id='word_1_235' title='bbox 1810 3319 1868 3375; x_wconf 95' lang='lat' dir='ltr'><strong>p.</strong></span> <span class='ocrx_word' id='word_1_236' title='bbox 1906 3298 2077 3374; x_wconf 92' lang='grc'><strong>217),</strong></span> <span class='ocrx_word' id='word_1_237' title='bbox 2126 3333 2212 3343; x_wconf 88' lang='grc'><strong>--</strong></span> <span class='ocrx_word' id='word_1_238' title='bbox 2260 3297 2402 3374; x_wconf 90' lang='lat' dir='ltr'><strong>quid</strong></span> <span class='ocrx_word' id='word_1_239' title='bbox 2449 3298 2524 3357; x_wconf 90' lang='lat' dir='ltr'><strong>ad</strong></span> 
     </span>
     <span class='ocr_line' id='line_1_30' title="bbox 281 3386 2525 3467; baseline -0.001 -18"><span class='ocrx_word' id='word_1_240' title='bbox 281 3390 450 3449; x_wconf 82' lang='lat' dir='ltr'><strong>rem?</strong></span> <span class='ocrx_word' id='word_1_241' title='bbox 526 3390 738 3450; x_wconf 88' lang='lat' dir='ltr'><strong>Nonne</strong></span> <span class='ocrx_word' id='word_1_242' title='bbox 809 3389 966 3447; x_wconf 92' lang='lat' dir='ltr'><strong>idem</strong></span> <span class='ocrx_word' id='word_1_243' title='bbox 1034 3389 1256 3465; x_wconf 86' lang='lat' dir='ltr'><strong>ubique</strong></span> <span class='ocrx_word' id='word_1_244' title='bbox 1327 3394 1388 3447; x_wconf 86' lang='lat' dir='ltr'><strong>et</strong></span> <span class='ocrx_word' id='word_1_245' title='bbox 1447 3387 1609 3467; x_wconf 91' lang='lat' dir='ltr'><strong>apud</strong></span> <span class='ocrx_word' id='word_1_246' title='bbox 1667 3407 1869 3445; x_wconf 90' lang='lat' dir='ltr'><strong>omnes</strong></span> <span class='ocrx_word' id='word_1_247' title='bbox 1938 3388 2060 3445; x_wconf 90' lang='lat' dir='ltr'><strong>fere</strong></span> <span class='ocrx_word' id='word_1_248' title='bbox 2123 3390 2247 3463; x_wconf 85' lang='lat' dir='ltr'><strong>ejus</strong></span> <span class='ocrx_word' id='word_1_249' title='bbox 2308 3386 2525 3446; x_wconf 87' lang='lat' dir='ltr'><strong>aetatis</strong></span> 
     </span>
     <span class='ocr_line' id='line_1_31' title="bbox 281 3473 2525 3557; baseline -0.002 -19"><span class='ocrx_word' id='word_1_250' title='bbox 281 3481 604 3557; x_wconf 87' lang='lat' dir='ltr'><strong>scriptores</strong></span> <span class='ocrx_word' id='word_1_251' title='bbox 651 3477 946 3537; x_wconf 83' lang='lat' dir='ltr'><strong>occurrit?</strong></span> <span class='ocrx_word' id='word_1_252' title='bbox 1015 3476 1118 3536; x_wconf 91' lang='lat' dir='ltr'><strong>An</strong></span> <span class='ocrx_word' id='word_1_253' title='bbox 1165 3477 1377 3536; x_wconf 91' lang='lat' dir='ltr'><strong>ceteris</strong></span> <span class='ocrx_word' id='word_1_254' title='bbox 1431 3476 1783 3535; x_wconf 88' lang='lat' dir='ltr'><strong>eruditiores</strong></span> <span class='ocrx_word' id='word_1_255' title='bbox 1839 3480 2012 3534; x_wconf 88' lang='lat' dir='ltr'><strong>erant</strong></span> <span class='ocrx_word' id='word_1_256' title='bbox 2057 3473 2218 3535; x_wconf 91' lang='lat' dir='ltr'><strong>Scoti</strong></span> <span class='ocrx_word' id='word_1_257' title='bbox 2231 3520 2245 3550; x_wconf 93' lang='lat'><strong>,</strong></span> <span class='ocrx_word' id='word_1_258' title='bbox 2305 3475 2525 3536; x_wconf 85' lang='lat' dir='ltr'><strong>diversi</strong></span> 
     </span>
     <span class='ocr_line' id='line_1_32' title="bbox 283 3564 2525 3642; baseline -0.002 -15"><span class='ocrx_word' id='word_1_259' title='bbox 283 3569 466 3627; x_wconf 85' lang='lat' dir='ltr'><strong>etiam</strong></span> <span class='ocrx_word' id='word_1_260' title='bbox 523 3567 628 3625; x_wconf 81' lang='lat' dir='ltr'><strong>illa</strong></span> <span class='ocrx_word' id='word_1_261' title='bbox 680 3587 745 3624; x_wconf 90' lang='lat' dir='ltr'><strong>re</strong></span> <span class='ocrx_word' id='word_1_262' title='bbox 801 3568 876 3626; x_wconf 91' lang='lat' dir='ltr'><strong>ab</strong></span> <span class='ocrx_word' id='word_1_263' title='bbox 924 3566 1196 3626; x_wconf 89' lang='lat' dir='ltr'><strong>omnibus</strong></span> <span class='ocrx_word' id='word_1_264' title='bbox 1251 3566 1512 3642; x_wconf 86' lang='lat' dir='ltr'><strong>ejusdem</strong></span> <span class='ocrx_word' id='word_1_265' title='bbox 1570 3565 1785 3624; x_wconf 88' lang='lat' dir='ltr'><strong>aetatis</strong></span> <span class='ocrx_word' id='word_1_266' title='bbox 1846 3564 2223 3625; x_wconf 82' lang='lat' dir='ltr'><strong>hominibus?</strong></span> <span class='ocrx_word' id='word_1_267' title='bbox 2290 3565 2525 3624; x_wconf 84' lang='lat' dir='ltr'><strong>Revera</strong></span> 
     </span>
     <span class='ocr_line' id='line_1_33' title="bbox 283 3654 2525 3728; baseline -0.002 -12"><span class='ocrx_word' id='word_1_268' title='bbox 283 3656 638 3728; x_wconf 89' lang='lat' dir='ltr'><strong>Schoellius,</strong></span> <span class='ocrx_word' id='word_1_269' title='bbox 689 3676 821 3713; x_wconf 89' lang='lat' dir='ltr'><strong>cum</strong></span> <span class='ocrx_word' id='word_1_270' title='bbox 869 3655 1346 3715; x_wconf 88' lang='lat' dir='ltr'><strong>dissertationem</strong></span> <span class='ocrx_word' id='word_1_271' title='bbox 1394 3675 1558 3714; x_wconf 90' lang='lat' dir='ltr'><strong>suam</strong></span> <span class='ocrx_word' id='word_1_272' title='bbox 1606 3654 2032 3727; x_wconf 91' lang='lat' dir='ltr'><strong>conscriberet,</strong></span> <span class='ocrx_word' id='word_1_273' title='bbox 2097 3654 2242 3713; x_wconf 85' lang='lat' dir='ltr'><strong>talia</strong></span> <span class='ocrx_word' id='word_1_274' title='bbox 2288 3654 2525 3714; x_wconf 88' lang='lat' dir='ltr'><strong>videtur</strong></span> 
     </span>
     <span class='ocr_line' id='line_1_34' title="bbox 282 3742 2522 3823; baseline -0.002 -18"><span class='ocrx_word' id='word_1_275' title='bbox 282 3746 579 3823; x_wconf 83' lang='lat' dir='ltr'><strong>cogitasse</strong></span> <span class='ocrx_word' id='word_1_276' title='bbox 640 3764 830 3821; x_wconf 89' lang='lat' dir='ltr'><strong>neque</strong></span> <span class='ocrx_word' id='word_1_277' title='bbox 878 3745 1067 3803; x_wconf 90' lang='lat' dir='ltr'><strong>adhuc</strong></span> <span class='ocrx_word' id='word_1_278' title='bbox 1112 3743 1286 3802; x_wconf 86' lang='lat' dir='ltr'><strong>hodie</strong></span> <span class='ocrx_word' id='word_1_279' title='bbox 1332 3744 1576 3816; x_wconf 88' lang='lat' dir='ltr'><strong>desunt,</strong></span> <span class='ocrx_word' id='word_1_280' title='bbox 1649 3743 1752 3819; x_wconf 90' lang='lat' dir='ltr'><strong>qui</strong></span> <span class='ocrx_word' id='word_1_281' title='bbox 1813 3742 2059 3802; x_wconf 89' lang='lat' dir='ltr'><strong>eandem</strong></span> <span class='ocrx_word' id='word_1_282' title='bbox 2121 3744 2328 3802; x_wconf 88' lang='lat' dir='ltr'><strong>falsam</strong></span> <span class='ocrx_word' id='word_1_283' title='bbox 2390 3764 2522 3821; x_wconf 88' lang='lat' dir='ltr'><strong>per-</strong></span> 
     </span>
     <span class='ocr_line' id='line_1_35' title="bbox 281 3831 2525 3910; baseline -0.003 -15"><span class='ocrx_word' id='word_1_284' title='bbox 281 3835 618 3895; x_wconf 88' lang='lat' dir='ltr'><strong>suasionem</strong></span> <span class='ocrx_word' id='word_1_285' title='bbox 665 3833 780 3891; x_wconf 92' lang='lat' dir='ltr'><strong>sibi</strong></span> <span class='ocrx_word' id='word_1_286' title='bbox 825 3833 1144 3892; x_wconf 90' lang='lat' dir='ltr'><strong>induerint.</strong></span> <span class='ocrx_word' id='word_1_287' title='bbox 1204 3832 1298 3890; x_wconf 86' lang='lat' dir='ltr'><strong>Ea</strong></span> <span class='ocrx_word' id='word_1_288' title='bbox 1344 3832 1477 3910; x_wconf 89' lang='lat' dir='ltr'><strong>ipsa</strong></span> <span class='ocrx_word' id='word_1_289' title='bbox 1522 3832 1596 3891; x_wconf 89' lang='lat' dir='ltr'><strong>de</strong></span> <span class='ocrx_word' id='word_1_290' title='bbox 1628 3852 1801 3891; x_wconf 84' lang='lat' dir='ltr'><strong>causa</strong></span> <span class='ocrx_word' id='word_1_291' title='bbox 1846 3831 1919 3890; x_wconf 93' lang='lat' dir='ltr'><strong>de</strong></span> <span class='ocrx_word' id='word_1_292' title='bbox 1965 3831 2057 3890; x_wconf 91' lang='lat' dir='ltr'><strong>his</strong></span> <span class='ocrx_word' id='word_1_293' title='bbox 2089 3833 2273 3892; x_wconf 85' lang='lat' dir='ltr'><strong>verba</strong></span> <span class='ocrx_word' id='word_1_294' title='bbox 2319 3831 2525 3890; x_wconf 87' lang='lat' dir='ltr'><strong>fecisse</strong></span> 
     </span>
     <span class='ocr_line' id='line_1_36' title="bbox 281 3919 2523 3983; baseline -0.003 0"><span class='ocrx_word' id='word_1_295' title='bbox 281 3924 445 3983; x_wconf 90' lang='lat' dir='ltr'><strong>haud</strong></span> <span class='ocrx_word' id='word_1_296' title='bbox 495 3924 572 3982; x_wconf 88' lang='lat' dir='ltr'><strong>ab</strong></span> <span class='ocrx_word' id='word_1_297' title='bbox 619 3942 682 3979; x_wconf 89' lang='lat' dir='ltr'><strong>re</strong></span> <span class='ocrx_word' id='word_1_298' title='bbox 729 3922 896 3981; x_wconf 85' lang='lat' dir='ltr'><strong>ducO.</strong></span> <span class='ocrx_word' id='word_1_299' title='bbox 987 3921 1482 3981; x_wconf 86' lang='lat' dir='ltr'><strong>Luculentissime</strong></span> <span class='ocrx_word' id='word_1_300' title='bbox 1515 3920 1669 3979; x_wconf 89' lang='lat' dir='ltr'><strong>enim</strong></span> <span class='ocrx_word' id='word_1_301' title='bbox 1704 3926 1765 3979; x_wconf 90' lang='lat' dir='ltr'><strong>et</strong></span> <span class='ocrx_word' id='word_1_302' title='bbox 1793 3919 2089 3978; x_wconf 86' lang='lat' dir='ltr'><strong>Muirchui</strong></span> <span class='ocrx_word' id='word_1_303' title='bbox 2120 3921 2247 3979; x_wconf 85' lang='lat' dir='ltr'><strong>vita</strong></span> <span class='ocrx_word' id='word_1_304' title='bbox 2276 3919 2523 3977; x_wconf 87' lang='lat' dir='ltr'><strong>Patricii</strong></span> 
     </span>
     <span class='ocr_line' id='line_1_37' title="bbox 283 4007 2523 4086; baseline -0.002 -15"><span class='ocrx_word' id='word_1_305' title='bbox 283 4018 348 4071; x_wconf 87' lang='lat' dir='ltr'><strong>et</strong></span> <span class='ocrx_word' id='word_1_306' title='bbox 402 4011 746 4071; x_wconf 89' lang='lat' dir='ltr'><strong>Adamnani</strong></span> <span class='ocrx_word' id='word_1_307' title='bbox 799 4012 926 4071; x_wconf 86' lang='lat' dir='ltr'><strong>vita</strong></span> <span class='ocrx_word' id='word_1_308' title='bbox 974 4010 1332 4083; x_wconf 70' lang='lat' dir='ltr'><strong>Columbae,</strong></span> <span class='ocrx_word' id='word_1_309' title='bbox 1394 4010 1599 4069; x_wconf 93' lang='lat' dir='ltr'><strong>eodem</strong></span> <span class='ocrx_word' id='word_1_310' title='bbox 1652 4011 1772 4066; x_wconf 84' lang='lat' dir='ltr'><strong>fere</strong></span> <span class='ocrx_word' id='word_1_311' title='bbox 1829 4013 2091 4086; x_wconf 90' lang='lat' dir='ltr'><strong>tempore</strong></span> <span class='ocrx_word' id='word_1_312' title='bbox 2146 4007 2523 4085; x_wconf 87' lang='lat' dir='ltr'><strong>compositae,</strong></span> 
     </span>
     <span class='ocr_line' id='line_1_38' title="bbox 281 4095 2523 4169; baseline -0.003 -10"><span class='ocrx_word' id='word_1_313' title='bbox 281 4102 701 4160; x_wconf 86' lang='lat' dir='ltr'><strong>demonstrant</strong></span> <span class='ocrx_word' id='word_1_314' title='bbox 745 4098 954 4159; x_wconf 88' lang='lat' dir='ltr'><strong>Scotos</strong></span> <span class='ocrx_word' id='word_1_315' title='bbox 1002 4100 1202 4158; x_wconf 89' lang='lat' dir='ltr'><strong>eadem</strong></span> <span class='ocrx_word' id='word_1_316' title='bbox 1260 4099 1438 4158; x_wconf 83' lang='lat' dir='ltr'><strong>fuisse</strong></span> <span class='ocrx_word' id='word_1_317' title='bbox 1487 4097 1863 4169; x_wconf 88' lang='lat' dir='ltr'><strong>credulitate,</strong></span> <span class='ocrx_word' id='word_1_318' title='bbox 1912 4095 2142 4169; x_wconf 91' lang='lat' dir='ltr'><strong>eodem,</strong></span> <span class='ocrx_word' id='word_1_319' title='bbox 2203 4117 2277 4154; x_wconf 88' lang='lat' dir='ltr'><strong>ne</strong></span> <span class='ocrx_word' id='word_1_320' title='bbox 2333 4096 2523 4154; x_wconf 88' lang='lat' dir='ltr'><strong>dicam</strong></span> 
     </span>
     <span class='ocr_line' id='line_1_39' title="bbox 281 4185 2525 4265; baseline -0.002 -16"><span class='ocrx_word' id='word_1_321' title='bbox 281 4194 528 4265; x_wconf 83' lang='lat' dir='ltr'><strong>maJ&#39;ore,</strong></span> <span class='ocrx_word' id='word_1_322' title='bbox 576 4189 990 4247; x_wconf 88' lang='lat' dir='ltr'><strong>miraculorum</strong></span> <span class='ocrx_word' id='word_1_323' title='bbox 1039 4207 1236 4247; x_wconf 88' lang='lat' dir='ltr'><strong>amore</strong></span> <span class='ocrx_word' id='word_1_324' title='bbox 1270 4194 1328 4245; x_wconf 91' lang='lat' dir='ltr'><strong>et</strong></span> <span class='ocrx_word' id='word_1_325' title='bbox 1369 4186 1583 4259; x_wconf 88' lang='lat' dir='ltr'><strong>studio,</strong></span> <span class='ocrx_word' id='word_1_326' title='bbox 1632 4191 1812 4263; x_wconf 85' lang='lat' dir='ltr'><strong>atque</strong></span> <span class='ocrx_word' id='word_1_327' title='bbox 1860 4205 2060 4243; x_wconf 90' lang='lat' dir='ltr'><strong>omnes</strong></span> <span class='ocrx_word' id='word_1_328' title='bbox 2106 4185 2264 4243; x_wconf 89' lang='lat' dir='ltr'><strong>illius</strong></span> <span class='ocrx_word' id='word_1_329' title='bbox 2312 4186 2525 4244; x_wconf 86' lang='lat' dir='ltr'><strong>aetatis</strong></span> 
     </span>
     <span class='ocr_line' id='line_1_40' title="bbox 280 4278 657 4339; baseline -0.008 -1"><span class='ocrx_word' id='word_1_330' title='bbox 280 4278 657 4339; x_wconf 88' lang='lat' dir='ltr'><strong>christianos.</strong></span> 
     </span>
    </p>

    <p class='ocr_par' dir='ltr' id='par_1_9' title="bbox 465 4362 2527 4445">
     <span class='ocr_line' id='line_1_41' title="bbox 465 4362 2527 4445; baseline -0.001 -20"><span class='ocrx_word' id='word_1_331' title='bbox 465 4368 560 4426; x_wconf 91' lang='lat' dir='ltr'><strong>De</strong></span> <span class='ocrx_word' id='word_1_332' title='bbox 608 4366 818 4425; x_wconf 88' lang='lat' dir='ltr'><strong>ceteris</strong></span> <span class='ocrx_word' id='word_1_333' title='bbox 863 4372 1062 4425; x_wconf 85' lang='lat' dir='ltr'><strong>autem</strong></span> <span class='ocrx_word' id='word_1_334' title='bbox 1108 4364 1430 4425; x_wconf 86' lang='lat' dir='ltr'><strong>Columbae</strong></span> <span class='ocrx_word' id='word_1_335' title='bbox 1475 4363 1619 4425; x_wconf 87' lang='lat' dir='ltr'><strong>vitis</strong></span> <span class='ocrx_word' id='word_1_336' title='bbox 1650 4385 1685 4423; x_wconf 91' lang='lat' dir='ltr'><strong>a</strong></span> <span class='ocrx_word' id='word_1_337' title='bbox 1716 4363 1983 4441; x_wconf 85' lang='lat' dir='ltr'><strong>Oolgano</strong></span> <span class='ocrx_word' id='word_1_338' title='bbox 2016 4362 2217 4440; x_wconf 76' lang='lat' dir='ltr'><strong>(Ti-ias</strong></span> <span class='ocrx_word' id='word_1_339' title='bbox 2248 4362 2527 4445; x_wconf 82' lang='lat' dir='ltr'><strong>Thaum.)</strong></span> 
     </span>
    </p>
   </div>
  </div>
 </body>
</html>
