3167 4900
1513 251 1955 316 ...16ss

613 459 674 516 p.
707 430 878 513 208).
939 435 1298 514 Ubicunque
1330 436 1484 494 enim
1530 434 1819 514 perfectio
1868 435 2189 494 christiana
2232 434 2296 494 in
2342 433 2499 495 votis
2544 431 2870 496 monacho·

494 606 502 614 ἱ
615 546 746 585 rum
795 531 1065 584 constare
1110 525 1350 585 videtur
1395 525 1494 600 (cf.
1544 544 1725 602 supra
1771 544 1896 599 syn.
1944 524 2089 582 Luc.
2138 524 2295 584 Vict.
2343 524 2487 600 IX),
2555 526 2644 584 ibi
2690 545 2872 604 supe-

612 615 834 674 riorum
882 615 1175 691 graduum
1221 613 1421 672 clerici
1465 613 1530 671 in
1574 612 1969 672 matrimoniis
2008 611 2223 671 vivere
2271 612 2369 672 vix
2415 621 2685 691 possunt.
2760 613 2871 672 An
2930 647 2935 652 ·

615 704 755 762 licet
799 703 1107 780 episcopos
1151 703 1346 761 minus
1391 702 1688 779 perfectos
1744 721 1871 760 esse
1924 720 2101 776 quam
2148 701 2467 760 monachos
2482 701 2511 759 Ρ
2580 702 2875 762 Profecto

614 812 735 851 non
789 791 990 864 licuit,
1059 811 1196 850 nam
1251 790 1609 866 simulatque
1662 790 1886 867 duplex
1941 789 2181 848 vivendi
2236 809 2475 862 norma,
2544 789 2699 848 haec
2741 811 2872 849 mo-

617 879 954 952 nachorum,
1001 879 1104 938 illa
1136 879 1402 951 aliorum,
1449 879 1511 936 in
1543 877 1849 938 ecclesiam
1880 882 2120 956 recepta
2150 884 2259 950 est,
2303 878 2435 937 fieri
2480 899 2601 938 non
2642 880 2871 956 potuit,

619 969 764 1047 quin
796 989 932 1026 mox
963 967 1242 1027 ecclesiae
1283 966 1625 1026 doctoribus
1670 966 1987 1038 videretur,
2036 971 2105 1024 ut
2150 967 2521 1044 superiorum
2567 968 2872 1044 graduum

617 1057 815 1116 clerici
859 1077 896 1114 a
941 1056 1216 1133 conjugio
1263 1057 1376 1130 vel,
1424 1056 1474 1114 si
1521 1062 1701 1115 antea
1745 1073 1958 1114 uxores
2001 1054 2297 1114 duxerant
2311 1098 2326 1127 ,
2374 1075 2409 1114 a
2454 1057 2683 1114 carnali
2730 1077 2871 1116 cum

617 1145 968 1222 conjugibus
1013 1145 1421 1204 communione
1467 1145 1856 1204 abstinerent.
1948 1141 2068 1202 Sed
2106 1147 2234 1219 jam
2278 1143 2427 1204 satis
2472 1149 2563 1203 est
2607 1146 2869 1204 medita-

617 1235 872 1307 tionum,
933 1233 1242 1293 redeamus
1297 1234 1376 1291 ad
1429 1232 1687 1292 Gildam.
1778 1232 1938 1306 Quid
1998 1232 2113 1290 sibi
2156 1231 2379 1291 vellent
2422 1234 2639 1307 verba,
2711 1254 2871 1310 quae

617 1323 792 1382 Pauli
838 1322 1094 1398 apostoli
1136 1322 1256 1380 illis
1302 1323 1364 1397 (l
1418 1321 1569 1382 Tim.
1621 1322 1677 1393 3,
1726 1321 1792 1396 4)
1838 1321 1911 1379 de
1958 1320 2078 1380 suis
2125 1319 2357 1379 addidit
2400 1320 2633 1382 dicens·
2687 1341 2873 1403 „erqo

615 1409 955 1492 imperfecta
1000 1417 1081 1470 est
1121 1418 1364 1491 patrum
1409 1408 1661 1480 castita-s,
1708 1408 1763 1468 si
1804 1406 1993 1469 eidem
2035 1417 2086 1467 et
2128 1426 2246 1466 non
2268 1407 2541 1491 filim-emt
2587 1429 2871 1470 accumu-

616 1498 782 1558 letur.
873 1495 996 1558 Sed
1054 1496 1196 1578 quid
1253 1496 1382 1568 e‘n't,
1450 1495 1552 1556 ubi
1610 1517 1713 1556 nec
1742 1504 1925 1576 pater
1979 1515 2082 1555 nec
2119 1494 2316 1579 filius,
2382 1495 2533 1556 mali
2584 1497 2871 1578 qeniton's

619 1585 882 1666 exemplo
920 1595 1206 1666 pravatus
1251 1585 1603 1668 conspicitur
1646 1593 1879 1645 castus“
1936 1583 2079 1661 quid
2124 1585 2239 1643 sibi
2284 1586 2532 1658 vellent,
2599 1587 2868 1662 inquam,

618 1677 762 1735 haec
809 1677 992 1735 verba
1006 1719 1020 1748 ,
1067 1674 1184 1734 nisi
1228 1674 1440 1734 Gildas
1487 1674 1911 1734 abstinentiam
1956 1675 2283 1752 postularet
2330 1695 2366 1732 a
2410 1676 2869 1734 sacerdotibus?

620 1761 1033 1839 „Castitatem'
1069 1761 1600 1826 matrimonialem“
1648 1782 1823 1840 quam
1868 1762 2198 1820 Lutherum
2242 1762 2592 1821 Hermanno
2639 1763 2867 1824 Berus-

621 1872 816 1913 sorum
864 1853 1001 1910 duci
1046 1853 1298 1912 suasisse
1331 1857 1580 1924 constat,
1629 1870 1807 1927 quam
1839 1849 2214 1926 Paphnutius
2244 1849 2307 1907 in
2339 1851 2562 1927 synodo
2594 1851 2871 1912 Nicaena

619 1942 890 2002 laudasse
937 1941 1212 2015 traditur,
1246 1939 1477 2013 Gildae,
1524 1940 1747 2017 quippe
1792 1939 1897 2015 qui
1942 1937 2347 2014 virginitatem
2392 1939 2637 1997 maximi
2684 1942 2869 2000 aesti-

621 2031 905 2103 maverit,
973 2031 1037 2088 in
1093 2030 1290 2088 animo
1345 2029 1526 2088 fuisse
1573 2028 1719 2086 mihi
1764 2027 2119 2106 persuadere
2165 2046 2287 2084 non
2331 2047 2585 2103 possum.
2676 2029 2869 2090 Prae·

621 2125 784 2178 terea
815 2139 886 2176 ex
917 2119 1044 2176 loco
1075 2118 1330 2194 quodam
1361 2119 1611 2177 obscuro
1644 2115 1881 2193 (Gildas
1913 2135 2003 2192 ep.
2034 2117 2189 2192 566,
2220 2136 2277 2193 p.
2301 2117 2403 2188 72,
2434 2137 2570 2176 vers
2597 2120 2632 2175 7
2644 2120 2766 2176 -1
2784 2121 2869 2196 1),

623 2227 798 2283 quem
847 2207 1180 2266 accuratius
1227 2206 1524 2284 explicare
1573 2206 1817 2281 longum
1866 2210 1972 2276 est,
2034 2203 2097 2261 id
2142 2203 2379 2279 quidem
2425 2207 2633 2282 procul
2680 2207 2870 2266 dubio

623 2294 860 2355 videtur
891 2315 1062 2373 posse
1093 2294 1291 2371 colligi
1338 2295 1671 2354 sacerdotes
1717 2295 2067 2371 plerumque
2112 2292 2175 2349 in
2220 2291 2423 2351 eadem
2469 2292 2645 2352 domo
2692 2296 2870 2355 habi·

621 2391 780 2442 tasse
811 2403 942 2442 cum
975 2383 1273 2442 sororibus
1305 2383 1400 2442 vel
1447 2382 1754 2457 matribus,
1800 2381 1989 2459 iisque
2036 2386 2241 2439 contra
2284 2382 2377 2439 fas
2424 2383 2683 2460 expulsis
2732 2403 2869 2444 cum

623 2470 868 2533 externis
899 2468 1158 2542 ancilli33
1191 2506 1271 2519 -
1305 2472 1378 2530 de
1409 2472 1760 2549 conjugibus
1790 2491 1929 2532 vero
1960 2470 2023 2529 in
2054 2470 2167 2529 hoc
2202 2471 2329 2529 loco
2372 2470 2455 2529 nil
2500 2472 2678 2534 inest.
2738 2473 2871 2533 Ita-

623 2582 738 2638 que
771 2561 884 2621 etsi
913 2560 1197 2619 confiteor
1227 2580 1352 2619 rem
1384 2561 1751 2636 argumentis
1782 2560 1927 2619 satis
1956 2558 2183 2619 idoneis
2214 2558 2325 2618 hoc
2353 2559 2483 2618 loco
2514 2561 2709 2619 adhuc
2742 2582 2869 2621 non

623 2669 795 2728 posse
843 2649 1176 2708 confirmari
1223 2650 1322 2724 (cf.
1368 2648 1550 2725 infra)
1596 2653 1795 2707 tamen
1854 2648 2141 2725 suspicari
2192 2648 2332 2705 licet
2377 2647 2538 2725 apud
2581 2648 2871 2713 Britones

625 2737 852 2797 clericis
881 2737 996 2795 nisi
1025 2737 1088 2794 in
1117 2737 1500 2795 inferioribus
1529 2737 1813 2813 gradibus
1858 2756 1967 2814 per
2010 2737 2172 2813 leges
2216 2755 2335 2793 non
2381 2736 2615 2797 licuisse
2644 2739 2871 2799 -vivere

624 2828 686 2885 in
733 2825 1138 2885 matrimoniis.
1228 2825 1450 2883 Illicita
1509 2831 1709 2883 autem
1765 2829 1826 2882 et
1868 2824 2181 2900 illegitima
2227 2825 2603 2884 matrimonia
2648 2827 2869 2887 nihilo-

625 2914 816 2973 minus
856 2934 1144 2991 persaepe
1183 2918 1490 2972 contracta
1535 2932 1661 2971 esse
1707 2912 2123 2989 suspicandum
2170 2918 2339 2985 esset,
2386 2913 2621 2973 etiamsi
2647 2913 2873 2977 Gildas

623 3003 710 3061 nil
755 3001 826 3061 de
870 3003 979 3061 hac
1038 3023 1102 3061 re
1149 3002 1386 3061 diceret.
1479 3000 1601 3060 Sed
1661 2999 1871 3060 Gildas
1928 3000 2167 3059 minime
2228 3001 2465 3061 silentio
2524 3002 2677 3062 hanc
2739 3024 2872 3065 rem

624 3091 950 3169 praeteriit.
1041 3090 1232 3149 Immo
1292 3110 1433 3150 vero
1493 3090 1622 3167 ipse
1681 3090 1854 3149 testis
1912 3095 2032 3163 est,
2100 3090 2280 3149 fuisse
2336 3096 2479 3149 tunc
2524 3092 2872 3154 sacerdotes

626 3180 842 3255 quibus
883 3179 1081 3257 plures
1127 3199 1339 3237 uxores
1385 3183 1602 3237 essent.
1690 3178 1846 3237 Nam
1896 3176 2135 3249 „unia-3,
2203 3178 2399 3257 inquit
2453 3181 2570 3257 (ep.
2618 3182 2655 3257 ξ
2713 3182 2871 3261 108)

625 3266 826 3328 umor-223
883 3266 1093 3326 viram‘
1095 3265 1149 3326 ⁶!
1213 3263 1417 3342 „Quid
1469 3266 1554 3327 ita
1600 3266 1765 3348 apud
1807 3284 1908 3325 voe
1950 3286 2173 3347 quoque
2216 3266 2626 3339 contemnitur,
2696 3271 2876 3349 quem·

623 3376 740 3417 non
783 3354 1102 3427 audiretur,
1147 3351 1236 3417 vel
1275 3354 1434 3415 idem
1478 3353 1667 3415 dicere
1711 3363 1763 3413 et
1808 3354 1906 3431 [an
1952 3349 2225 3431 diem-effi
2269 3353 2463 3413 virum
2506 3368 2825 3417 wommf‘

801 3445 969 3519 Quae
1001 3466 1135 3504 cum
1171 3445 1261 3504 ita
1307 3445 1444 3517 sint,
1492 3444 1808 3503 Britonum
1856 3442 2158 3501 ecclesiam
2204 3443 2315 3501 hac
2360 3445 2619 3503 secunda
2662 3452 2870 3507 aetate

625 3556 662 3593 a
707 3534 999 3592 communi
1061 3534 1338 3593 ecclesiae
1400 3531 1821 3591 consuetudine
1881 3530 2143 3589 moribus
2196 3532 2290 3590 vel
2348 3530 2463 3590 fide
2520 3533 2873 3597 dissensisse

625 3623 815 3681 adhuc
861 3643 980 3681 non
1024 3623 1245 3695 habeo,
1309 3622 1524 3698 quibus
1570 3620 1960 3697 comprobem.
2051 3618 2361 3679 Ebrardus
2406 3620 2724 3681 Britonum
2774 3646 2869 3685 ec·

626 3710 860 3770 clesiam
921 3718 1259 3771 sanctorum
1320 3710 1514 3768 cultus
1575 3713 1875 3785 expertem
1922 3707 2103 3765 fuisse
2148 3707 2422 3769 affirmat.
2513 3707 2710 3787 Atqui
2756 3713 2869 3772 du·

625 3801 789 3859 bium
849 3807 941 3860 est
997 3822 1073 3859 an
1121 3799 1362 3859 Gildam
1430 3796 1645 3873 legerit
1691 3797 1786 3873 (cf.
1819 3816 1997 3874 supra
2041 3817 2099 3873 p.
2132 3797 2191 3870 8,
2223 3799 2394 3877 ηοω.
2487 3799 2642 3858 Nam
2690 3800 2871 3861 aliter

623 3910 747 3948 rem
808 3910 934 3949 sese
992 3889 1212 3947 habere
1259 3884 1466 3944 Gildas
1527 3890 1619 3944 est
1676 3885 1847 3945 testis
1910 3886 2008 3960 (cf.
2053 3884 2190 3945 hist.
2253 3888 2287 3963 ἓ
2338 3886 2439 3959 28,
2486 3908 2545 3964 p.
2597 3888 2708 3946 37:
2757 3889 2871 3951 deo

615 3976 886 4061 primum
917 3973 1091 4058 jure(
1087 3994 1194 4057 que
1188 3970 1494 4055 )jurand0,
1539 3981 1872 4033 sanctorum
1902 3972 2138 4033 demum
2168 3971 2373 4035 choris.
2404 3975 2476 4032 cf.
2508 3975 2645 4035 hist.
2680 3978 2715 4054 g
2757 3979 2785 4036 1
2799 3981 2869 4057 Ο)

624 4087 818 4144 neque
849 4068 1160 4125 obscurum
1202 4069 1291 4123 est
1335 4062 1658 4140 permultas
1702 4062 1768 4120 in
1798 4062 2117 4121 Britannia
2161 4063 2339 4121 fuisse
2386 4070 2723 4123 sanctorum
2772 4087 2867 4126 ec-

626 4156 832 4214 clesias
879 4154 976 4230 (cf.
1023 4153 1102 4210 H.
1150 4151 1267 4210 and
1313 4150 1402 4211 St.
1450 4151 1502 4224 I,
1547 4171 1604 4228 p.
1640 4152 1718 4209 37
1770 4171 1855 4228 sq.
1904 4158 1964 4211 et
2009 4151 2177 4209 Beda
2223 4150 2281 4208 h.
2327 4171 2374 4209 e.
2412 4153 2467 4223 1,
2516 4150 2629 4225 26,
2665 4154 2701 4231 g
2736 4154 2866 4233 56).

804 4244 1041 4319 Neque,
1086 4246 1156 4299 ut
1201 4237 1348 4297 illud
1394 4258 1629 4315 quoque
1674 4240 1933 4299 Ebrardi
1984 4239 2329 4317 figmentum
2376 4239 2628 4315 diluam,
2676 4242 2869 4305 ullum

627 4337 824 4391 exstat
879 4328 1280 4389 testim0nium
1296 4371 1310 4400 ,
1375 4328 1533 4404 quod
1590 4329 1935 4405 comprobet
1995 4327 2322 4385 doctrinam
2378 4329 2453 4387 de
2508 4330 2869 4394 eucharistia
