<?xml version="1.0" encoding="UTF-8"?>
<!DOCTYPE html PUBLIC "-//W3C//DTD XHTML 1.0 Transitional//EN"
    "http://www.w3.org/TR/xhtml1/DTD/xhtml1-transitional.dtd">
<html xmlns="http://www.w3.org/1999/xhtml" xml:lang="en" lang="en">
 <head>
  <title>
</title>
<meta http-equiv="Content-Type" content="text/html;charset=utf-8" />
  <meta name='ocr-system' content='tesseract 3.04.00' />
  <meta name='ocr-capabilities' content='ocr_page ocr_carea ocr_par ocr_line ocrx_word'/>
</head>
<body>
  <div class='ocr_page' id='page_1' title='image "./antiquaebritonu01loofgoog_0136.png"; bbox 0 0 3167 4900; ppageno 0'>
   <div class='ocr_carea' id='block_1_1' title="bbox 1470 218 1950 275">
    <p class='ocr_par' dir='ltr' id='par_1_1' title="bbox 1470 218 1950 275">
     <span class='ocr_line' id='line_1_1' title="bbox 1470 218 1950 275; baseline 0 0"><span class='ocrx_word' id='word_1_1' title='bbox 1470 218 1950 275; x_wconf 78' lang='lat'>-118-</span> 
     </span>
    </p>
   </div>
   <div class='ocr_carea' id='block_1_2' title="bbox 570 395 2833 4103">
    <p class='ocr_par' dir='ltr' id='par_1_2' title="bbox 570 395 2833 1452">
     <span class='ocr_line' id='line_1_2' title="bbox 570 395 2831 473; baseline -0.001 -16"><span class='ocrx_word' id='word_1_2' title='bbox 570 398 850 470; x_wconf 60' lang='lat' dir='ltr'><strong>fuissent,</strong></span> <span class='ocrx_word' id='word_1_3' title='bbox 898 399 1042 457; x_wconf 84' lang='lat' dir='ltr'><strong>haec</strong></span> <span class='ocrx_word' id='word_1_4' title='bbox 1091 402 1221 456; x_wconf 82' lang='lat' dir='ltr'><strong>tota</strong></span> <span class='ocrx_word' id='word_1_5' title='bbox 1267 417 1361 455; x_wconf 87' lang='lat' dir='ltr'><strong>res</strong></span> <span class='ocrx_word' id='word_1_6' title='bbox 1409 396 1714 453; x_wconf 88' lang='lat' dir='ltr'><strong>commoda</strong></span> <span class='ocrx_word' id='word_1_7' title='bbox 1761 414 1880 453; x_wconf 88' lang='lat' dir='ltr'><strong>non</strong></span> <span class='ocrx_word' id='word_1_8' title='bbox 1927 400 2071 455; x_wconf 78' lang='lat' dir='ltr'><strong>erat.</strong></span> <span class='ocrx_word' id='word_1_9' title='bbox 2164 396 2318 454; x_wconf 86' lang='lat' dir='ltr'><strong>Nam</strong></span> <span class='ocrx_word' id='word_1_10' title='bbox 2364 413 2496 453; x_wconf 85' lang='lat' dir='ltr'><strong>cum</strong></span> <span class='ocrx_word' id='word_1_11' title='bbox 2543 396 2634 453; x_wconf 88' lang='lat' dir='ltr'><strong>illi</strong></span> <span class='ocrx_word' id='word_1_12' title='bbox 2677 395 2831 473; x_wconf 82' lang='lat' dir='ltr'><strong>epis-</strong></span> 
     </span>
     <span class='ocr_line' id='line_1_3' title="bbox 573 483 2830 565; baseline -0.001 -21"><span class='ocrx_word' id='word_1_13' title='bbox 573 487 717 565; x_wconf 86' lang='lat' dir='ltr'><strong>:copi</strong></span> <span class='ocrx_word' id='word_1_14' title='bbox 772 494 899 545; x_wconf 91' lang='lat' dir='ltr'><strong>tum</strong></span> <span class='ocrx_word' id='word_1_15' title='bbox 955 486 1069 545; x_wconf 86' lang='lat' dir='ltr'><strong>huc</strong></span> <span class='ocrx_word' id='word_1_16' title='bbox 1114 492 1243 545; x_wconf 88' lang='lat' dir='ltr'><strong>tum</strong></span> <span class='ocrx_word' id='word_1_17' title='bbox 1290 486 1430 543; x_wconf 89' lang='lat' dir='ltr'><strong>illuc</strong></span> <span class='ocrx_word' id='word_1_18' title='bbox 1476 484 1877 563; x_wconf 83' lang='lat' dir='ltr'><strong>pervenirent,</strong></span> <span class='ocrx_word' id='word_1_19' title='bbox 1922 483 2056 541; x_wconf 87' lang='lat' dir='ltr'><strong>fleri</strong></span> <span class='ocrx_word' id='word_1_20' title='bbox 2099 485 2326 561; x_wconf 88' lang='lat' dir='ltr'><strong>potuit,</strong></span> <span class='ocrx_word' id='word_1_21' title='bbox 2387 491 2456 543; x_wconf 85' lang='lat' dir='ltr'><strong>ut</strong></span> <span class='ocrx_word' id='word_1_22' title='bbox 2497 484 2660 542; x_wconf 87' lang='lat' dir='ltr'><strong>idem</strong></span> <span class='ocrx_word' id='word_1_23' title='bbox 2707 504 2830 542; x_wconf 88' lang='lat' dir='ltr'><strong>mo-</strong></span> 
     </span>
     <span class='ocr_line' id='line_1_4' title="bbox 580 572 2833 651; baseline -0.001 -17"><span class='ocrx_word' id='word_1_24' title='bbox 580 576 907 635; x_wconf 79' lang='lat' dir='ltr'><strong>nasterium</strong></span> <span class='ocrx_word' id='word_1_25' title='bbox 966 576 1140 633; x_wconf 88' lang='lat' dir='ltr'><strong>modo</strong></span> <span class='ocrx_word' id='word_1_26' title='bbox 1198 575 1293 633; x_wconf 84' lang='lat' dir='ltr'><strong>vel</strong></span> <span class='ocrx_word' id='word_1_27' title='bbox 1349 574 1622 651; x_wconf 89' lang='lat' dir='ltr'><strong>pluribus</strong></span> <span class='ocrx_word' id='word_1_28' title='bbox 1667 578 1892 631; x_wconf 84' lang='lat' dir='ltr'><strong>tectum</strong></span> <span class='ocrx_word' id='word_1_29' title='bbox 1935 574 2275 649; x_wconf 78' lang='lat' dir='ltr'><strong>praeberet,</strong></span> <span class='ocrx_word' id='word_1_30' title='bbox 2337 572 2510 631; x_wconf 84' lang='lat' dir='ltr'><strong>modo</strong></span> <span class='ocrx_word' id='word_1_31' title='bbox 2557 574 2833 631; x_wconf 86' lang='lat' dir='ltr'><strong>omnibus</strong></span> 
     </span>
     <span class='ocr_line' id='line_1_5' title="bbox 579 660 2829 741; baseline -0.001 -20"><span class='ocrx_word' id='word_1_32' title='bbox 579 664 864 741; x_wconf 86' lang='lat' dir='ltr'><strong>profectis</strong></span> <span class='ocrx_word' id='word_1_33' title='bbox 896 664 1089 740; x_wconf 91' lang='lat' dir='ltr'><strong>ipsum</strong></span> <span class='ocrx_word' id='word_1_34' title='bbox 1120 662 1437 739; x_wconf 86' lang='lat' dir='ltr'><strong>parochiae</strong></span> <span class='ocrx_word' id='word_1_35' title='bbox 1470 662 1810 738; x_wconf 86' lang='lat' dir='ltr'><strong>episcopum</strong></span> <span class='ocrx_word' id='word_1_36' title='bbox 1841 662 1915 719; x_wconf 87' lang='lat' dir='ltr'><strong>ad</strong></span> <span class='ocrx_word' id='word_1_37' title='bbox 1947 660 2287 737; x_wconf 84' lang='lat' dir='ltr'><strong>peragenda</strong></span> <span class='ocrx_word' id='word_1_38' title='bbox 2313 682 2480 721; x_wconf 80' lang='lat' dir='ltr'><strong>sacra</strong></span> <span class='ocrx_word' id='word_1_39' title='bbox 2501 661 2829 721; x_wconf 84' lang='lat' dir='ltr'><strong>ministeria</strong></span> 
     </span>
     <span class='ocr_line' id='line_1_6' title="bbox 581 749 2828 828; baseline -0.001 -19"><span class='ocrx_word' id='word_1_40' title='bbox 581 753 841 811; x_wconf 83' lang='lat' dir='ltr'><strong>invitare</strong></span> <span class='ocrx_word' id='word_1_41' title='bbox 894 758 1167 811; x_wconf 88' lang='lat' dir='ltr'><strong>coactum</strong></span> <span class='ocrx_word' id='word_1_42' title='bbox 1221 756 1375 810; x_wconf 87' lang='lat' dir='ltr'><strong>esset</strong></span> <span class='ocrx_word' id='word_1_43' title='bbox 1422 752 1762 826; x_wconf 84' lang='lat' dir='ltr'><strong>(Harttung</strong></span> <span class='ocrx_word' id='word_1_44' title='bbox 1807 772 1864 827; x_wconf 91' lang='lat' dir='ltr'><strong>p.</strong></span> <span class='ocrx_word' id='word_1_45' title='bbox 1913 749 2042 825; x_wconf 84' lang='lat'><strong>43).</strong></span> <span class='ocrx_word' id='word_1_46' title='bbox 2137 749 2326 808; x_wconf 88' lang='lat' dir='ltr'><strong>Plane</strong></span> <span class='ocrx_word' id='word_1_47' title='bbox 2372 768 2514 809; x_wconf 85' lang='lat' dir='ltr'><strong>vero</strong></span> <span class='ocrx_word' id='word_1_48' title='bbox 2561 770 2680 807; x_wconf 89' lang='lat' dir='ltr'><strong>non</strong></span> <span class='ocrx_word' id='word_1_49' title='bbox 2724 770 2828 828; x_wconf 88' lang='lat' dir='ltr'><strong>po·</strong></span> 
     </span>
     <span class='ocr_line' id='line_1_7' title="bbox 578 838 2828 917; baseline -0.002 -18"><span class='ocrx_word' id='word_1_50' title='bbox 578 848 783 899; x_wconf 86' lang='lat' dir='ltr'><strong>terant</strong></span> <span class='ocrx_word' id='word_1_51' title='bbox 842 841 987 898; x_wconf 82' lang='lat' dir='ltr'><strong>ferri</strong></span> <span class='ocrx_word' id='word_1_52' title='bbox 1048 840 1137 897; x_wconf 80' lang='lat' dir='ltr'><strong>illi</strong></span> <span class='ocrx_word' id='word_1_53' title='bbox 1198 839 1491 917; x_wconf 88' lang='lat' dir='ltr'><strong>episcopi,</strong></span> <span class='ocrx_word' id='word_1_54' title='bbox 1562 840 1917 915; x_wconf 72' lang='lat' dir='ltr'><strong>simulatque</strong></span> <span class='ocrx_word' id='word_1_55' title='bbox 1985 870 2060 881; x_wconf 89' lang='lat'><strong>—-·</strong></span> <span class='ocrx_word' id='word_1_56' title='bbox 2124 838 2286 915; x_wconf 84' lang='lat' dir='ltr'><strong>quod</strong></span> <span class='ocrx_word' id='word_1_57' title='bbox 2345 839 2410 896; x_wconf 90' lang='lat' dir='ltr'><strong>in</strong></span> <span class='ocrx_word' id='word_1_58' title='bbox 2462 840 2828 916; x_wconf 58' lang='lat' dir='ltr'><strong>„perturbata</strong></span> 
     </span>
     <span class='ocr_line' id='line_1_8' title="bbox 571 927 2830 1004; baseline -0.001 -17"><span class='ocrx_word' id='word_1_59' title='bbox 571 930 827 988; x_wconf 78' lang='lat' dir='ltr'><strong>ecclesia</strong></span> <span class='ocrx_word' id='word_1_60' title='bbox 885 928 1192 987; x_wconf 80' lang='lat' dir='ltr'>Gallorum</span> <span class='ocrx_word' id='word_1_61' title='bbox 1252 928 1527 986; x_wconf 77' lang='lat' dir='ltr'><strong>facillime</strong></span> <span class='ocrx_word' id='word_1_62' title='bbox 1589 928 1714 985; x_wconf 90' lang='lat' dir='ltr'><strong>fieri</strong></span> <span class='ocrx_word' id='word_1_63' title='bbox 1779 928 1980 1004; x_wconf 89' lang='lat' dir='ltr'><strong>potuit</strong></span> <span class='ocrx_word' id='word_1_64' title='bbox 2047 960 2121 971; x_wconf 77' lang='lat'><strong>———</strong></span> <span class='ocrx_word' id='word_1_65' title='bbox 2188 931 2359 985; x_wconf 66' lang='lat' dir='ltr'><strong>eitra</strong></span> <span class='ocrx_word' id='word_1_66' title='bbox 2419 928 2706 985; x_wconf 84' lang='lat' dir='ltr'><strong>terminos</strong></span> <span class='ocrx_word' id='word_1_67' title='bbox 2765 927 2830 985; x_wconf 87' lang='lat' dir='ltr'><strong>in</strong></span> 
     </span>
     <span class='ocr_line' id='line_1_9' title="bbox 581 1015 2828 1096; baseline -0.002 -20"><span class='ocrx_word' id='word_1_68' title='bbox 581 1018 911 1096; x_wconf 83' lang='lat' dir='ltr'><strong>privilegiis</strong></span> <span class='ocrx_word' id='word_1_69' title='bbox 969 1017 1088 1075; x_wconf 87' lang='lat' dir='ltr'><strong>illis</strong></span> <span class='ocrx_word' id='word_1_70' title='bbox 1148 1017 1503 1075; x_wconf 84' lang='lat' dir='ltr'><strong>constitutos</strong></span> <span class='ocrx_word' id='word_1_71' title='bbox 1558 1017 1780 1091; x_wconf 79' lang='lat' dir='ltr'><strong>egressi</strong></span> <span class='ocrx_word' id='word_1_72' title='bbox 1837 1016 2162 1093; x_wconf 80' lang='lat' dir='ltr'><strong>episcopali</strong></span> <span class='ocrx_word' id='word_1_73' title='bbox 2205 1036 2314 1075; x_wconf 82' lang='lat' dir='ltr'><strong>sua</strong></span> <span class='ocrx_word' id='word_1_74' title='bbox 2361 1015 2656 1091; x_wconf 82' lang='lat' dir='ltr'><strong>dignitate</strong></span> <span class='ocrx_word' id='word_1_75' title='bbox 2701 1021 2828 1073; x_wconf 84' lang='lat' dir='ltr'><strong>ute-</strong></span> 
     </span>
     <span class='ocr_line' id='line_1_10' title="bbox 574 1104 2830 1182; baseline -0.001 -17"><span class='ocrx_word' id='word_1_76' title='bbox 574 1109 818 1167; x_wconf 87' lang='lat' dir='ltr'><strong>bantur.</strong></span> <span class='ocrx_word' id='word_1_77' title='bbox 910 1106 1280 1178; x_wconf 75' lang='lat' dir='ltr'><strong>Accedebat,</strong></span> <span class='ocrx_word' id='word_1_78' title='bbox 1330 1106 1489 1182; x_wconf 84' lang='lat' dir='ltr'><strong>quod</strong></span> <span class='ocrx_word' id='word_1_79' title='bbox 1534 1106 1690 1163; x_wconf 82' lang='lat' dir='ltr'><strong>varii</strong></span> <span class='ocrx_word' id='word_1_80' title='bbox 1736 1105 1968 1182; x_wconf 87' lang='lat' dir='ltr'><strong>generis</strong></span> <span class='ocrx_word' id='word_1_81' title='bbox 2015 1104 2282 1163; x_wconf 87' lang='lat' dir='ltr'><strong>homines</strong></span> <span class='ocrx_word' id='word_1_82' title='bbox 2327 1104 2494 1181; x_wconf 79' lang='lat' dir='ltr'><strong>vagi,</strong></span> <span class='ocrx_word' id='word_1_83' title='bbox 2541 1104 2718 1163; x_wconf 87' lang='lat' dir='ltr'><strong>liberi</strong></span> <span class='ocrx_word' id='word_1_84' title='bbox 2765 1110 2830 1163; x_wconf 83' lang='lat' dir='ltr'><strong>et</strong></span> 
     </span>
     <span class='ocr_line' id='line_1_11' title="bbox 582 1193 2828 1271; baseline -0.002 -16"><span class='ocrx_word' id='word_1_85' title='bbox 582 1196 765 1269; x_wconf 84' lang='lat' dir='ltr'><strong>servi,</strong></span> <span class='ocrx_word' id='word_1_86' title='bbox 818 1196 1121 1254; x_wconf 81' lang='lat' dir='ltr'><strong>vernaculi</strong></span> <span class='ocrx_word' id='word_1_87' title='bbox 1168 1201 1229 1253; x_wconf 90' lang='lat' dir='ltr'><strong>et</strong></span> <span class='ocrx_word' id='word_1_88' title='bbox 1273 1194 1602 1271; x_wconf 79' lang='lat' dir='ltr'><strong>peregrini,</strong></span> <span class='ocrx_word' id='word_1_89' title='bbox 1658 1200 1728 1253; x_wconf 86' lang='lat' dir='ltr'><strong>ut</strong></span> <span class='ocrx_word' id='word_1_90' title='bbox 1771 1196 1936 1251; x_wconf 87' lang='lat' dir='ltr'><strong>nullo</strong></span> <span class='ocrx_word' id='word_1_91' title='bbox 1984 1194 2226 1269; x_wconf 84' lang='lat' dir='ltr'><strong>negotio</strong></span> <span class='ocrx_word' id='word_1_92' title='bbox 2271 1193 2350 1251; x_wconf 81' lang='lat' dir='ltr'><strong>ad</strong></span> <span class='ocrx_word' id='word_1_93' title='bbox 2394 1194 2648 1251; x_wconf 87' lang='lat' dir='ltr'><strong>honores</strong></span> <span class='ocrx_word' id='word_1_94' title='bbox 2694 1213 2828 1270; x_wconf 88' lang='lat' dir='ltr'><strong>per-</strong></span> 
     </span>
     <span class='ocr_line' id='line_1_12' title="bbox 580 1282 2829 1361; baseline -0.001 -17"><span class='ocrx_word' id='word_1_95' title='bbox 580 1285 873 1357; x_wconf 82' lang='lat' dir='ltr'><strong>venirent,</strong></span> <span class='ocrx_word' id='word_1_96' title='bbox 907 1284 1317 1361; x_wconf 78' lang='lat' dir='ltr'><strong>episcoporum</strong></span> <span class='ocrx_word' id='word_1_97' title='bbox 1348 1283 1858 1361; x_wconf 76' lang='lat' dir='ltr'><strong>peregrinantium</strong></span> <span class='ocrx_word' id='word_1_98' title='bbox 1887 1282 2145 1360; x_wconf 87' lang='lat' dir='ltr'><strong>speciem</strong></span> <span class='ocrx_word' id='word_1_99' title='bbox 2168 1282 2498 1341; x_wconf 82' lang='lat' dir='ltr'><strong>induebant</strong></span> <span class='ocrx_word' id='word_1_100' title='bbox 2523 1283 2620 1358; x_wconf 88' lang='lat' dir='ltr'><strong>(cf.</strong></span> <span class='ocrx_word' id='word_1_101' title='bbox 2645 1282 2829 1341; x_wconf 85' lang='lat' dir='ltr'><strong>Hart-</strong></span> 
     </span>
     <span class='ocr_line' id='line_1_13' title="bbox 582 1372 2698 1452; baseline -0.001 -20"><span class='ocrx_word' id='word_1_102' title='bbox 582 1381 735 1451; x_wconf 81' lang='lat' dir='ltr'><strong>tung</strong></span> <span class='ocrx_word' id='word_1_103' title='bbox 777 1395 837 1452; x_wconf 89' lang='lat' dir='ltr'><strong>p.</strong></span> <span class='ocrx_word' id='word_1_104' title='bbox 888 1372 1016 1449; x_wconf 79' lang='lat'><strong>52).</strong></span> <span class='ocrx_word' id='word_1_105' title='bbox 2693 1424 2698 1429; x_wconf 85' lang='lat'><em>.</em></span> 
     </span>
    </p>

    <p class='ocr_par' dir='ltr' id='par_1_3' title="bbox 580 1460 2830 1981">
     <span class='ocr_line' id='line_1_14' title="bbox 760 1460 2828 1538; baseline -0 -18"><span class='ocrx_word' id='word_1_106' title='bbox 760 1463 927 1520; x_wconf 89' lang='lat' dir='ltr'><strong>Haec</strong></span> <span class='ocrx_word' id='word_1_107' title='bbox 958 1463 1156 1519; x_wconf 92' lang='lat' dir='ltr'><strong>omnia</strong></span> <span class='ocrx_word' id='word_1_108' title='bbox 1180 1462 1307 1538; x_wconf 88' lang='lat' dir='ltr'><strong>ipse</strong></span> <span class='ocrx_word' id='word_1_109' title='bbox 1334 1460 1624 1519; x_wconf 85' lang='lat' dir='ltr'><strong>Columba</strong></span> <span class='ocrx_word' id='word_1_110' title='bbox 1649 1460 1699 1519; x_wconf 90' lang='lat' dir='ltr'><strong>si</strong></span> <span class='ocrx_word' id='word_1_111' title='bbox 1723 1466 1850 1519; x_wconf 91' lang='lat' dir='ltr'><strong>tum</strong></span> <span class='ocrx_word' id='word_1_112' title='bbox 1875 1462 2100 1534; x_wconf 87' lang='lat' dir='ltr'><strong>fuisset,</strong></span> <span class='ocrx_word' id='word_1_113' title='bbox 2133 1460 2648 1519; x_wconf 86' lang='lat' dir='ltr'><strong>vehementissime</strong></span> <span class='ocrx_word' id='word_1_114' title='bbox 2674 1460 2828 1521; x_wconf 73' lang='lat' dir='ltr'><strong>vitu-</strong></span> 
     </span>
     <span class='ocr_line' id='line_1_15' title="bbox 580 1548 2830 1629; baseline -0 -21"><span class='ocrx_word' id='word_1_115' title='bbox 580 1558 860 1627; x_wconf 85' lang='lat' dir='ltr'><strong>perasset.</strong></span> <span class='ocrx_word' id='word_1_116' title='bbox 932 1550 1158 1609; x_wconf 79' lang='lat' dir='ltr'><strong>Tamen</strong></span> <span class='ocrx_word' id='word_1_117' title='bbox 1191 1556 1251 1608; x_wconf 87' lang='lat' dir='ltr'><strong>et</strong></span> <span class='ocrx_word' id='word_1_118' title='bbox 1282 1550 1410 1627; x_wconf 86' lang='lat' dir='ltr'><strong>ipse</strong></span> <span class='ocrx_word' id='word_1_119' title='bbox 1443 1556 1504 1607; x_wconf 89' lang='lat' dir='ltr'><strong>et</strong></span> <span class='ocrx_word' id='word_1_120' title='bbox 1534 1569 1738 1607; x_wconf 85' lang='lat' dir='ltr'><strong>omnes</strong></span> <span class='ocrx_word' id='word_1_121' title='bbox 1763 1548 1928 1609; x_wconf 83' lang='lat' dir='ltr'><strong>Scoti</strong></span> <span class='ocrx_word' id='word_1_122' title='bbox 1957 1550 2423 1629; x_wconf 80' lang='lat' dir='ltr'><strong>peregrinantes,</strong></span> <span class='ocrx_word' id='word_1_123' title='bbox 2456 1550 2572 1626; x_wconf 88' lang='lat' dir='ltr'><strong>ipsi</strong></span> <span class='ocrx_word' id='word_1_124' title='bbox 2603 1568 2830 1607; x_wconf 86' lang='lat' dir='ltr'><strong>summa</strong></span> 
     </span>
     <span class='ocr_line' id='line_1_16' title="bbox 580 1638 2826 1715; baseline 0 -20"><span class='ocrx_word' id='word_1_125' title='bbox 580 1638 754 1697; x_wconf 88' lang='lat' dir='ltr'><strong>laude</strong></span> <span class='ocrx_word' id='word_1_126' title='bbox 784 1638 969 1713; x_wconf 83' lang='lat' dir='ltr'><strong>digni,</strong></span> <span class='ocrx_word' id='word_1_127' title='bbox 1014 1639 1279 1697; x_wconf 79' lang='lat' dir='ltr'><strong>insontes</strong></span> <span class='ocrx_word' id='word_1_128' title='bbox 1308 1658 1429 1696; x_wconf 89' lang='lat' dir='ltr'><strong>non</strong></span> <span class='ocrx_word' id='word_1_129' title='bbox 1461 1644 1618 1709; x_wconf 86' lang='lat' dir='ltr'><strong>sunt,</strong></span> <span class='ocrx_word' id='word_1_130' title='bbox 1667 1639 1889 1715; x_wconf 89' lang='lat' dir='ltr'><strong>quippe</strong></span> <span class='ocrx_word' id='word_1_131' title='bbox 1919 1640 2022 1714; x_wconf 90' lang='lat' dir='ltr'><strong>qui</strong></span> <span class='ocrx_word' id='word_1_132' title='bbox 2053 1658 2253 1697; x_wconf 88' lang='lat' dir='ltr'><strong>omnes</strong></span> <span class='ocrx_word' id='word_1_133' title='bbox 2285 1638 2558 1697; x_wconf 87' lang='lat' dir='ltr'><strong>monachi</strong></span> <span class='ocrx_word' id='word_1_134' title='bbox 2587 1638 2826 1709; x_wconf 85' lang='lat' dir='ltr'><strong>fuerint,</strong></span> 
     </span>
     <span class='ocr_line' id='line_1_17' title="bbox 582 1726 2828 1805; baseline -0.001 -20"><span class='ocrx_word' id='word_1_135' title='bbox 582 1727 799 1803; x_wconf 90' lang='lat' dir='ltr'><strong>quibus</strong></span> <span class='ocrx_word' id='word_1_136' title='bbox 854 1728 917 1784; x_wconf 90' lang='lat' dir='ltr'><strong>in</strong></span> <span class='ocrx_word' id='word_1_137' title='bbox 977 1728 1109 1804; x_wconf 90' lang='lat' dir='ltr'><strong>ipsa</strong></span> <span class='ocrx_word' id='word_1_138' title='bbox 1170 1728 1650 1804; x_wconf 83' lang='lat' dir='ltr'><strong>peregrinatione</strong></span> <span class='ocrx_word' id='word_1_139' title='bbox 1704 1728 2128 1803; x_wconf 83' lang='lat' dir='ltr'><strong>peregrinandi</strong></span> <span class='ocrx_word' id='word_1_140' title='bbox 2173 1727 2309 1786; x_wconf 88' lang='lat' dir='ltr'><strong>finis</strong></span> <span class='ocrx_word' id='word_1_141' title='bbox 2356 1727 2584 1805; x_wconf 85' lang='lat' dir='ltr'><strong>positus</strong></span> <span class='ocrx_word' id='word_1_142' title='bbox 2629 1726 2828 1785; x_wconf 82' lang='lat' dir='ltr'><strong>fuerit.</strong></span> 
     </span>
     <span class='ocr_line' id='line_1_18' title="bbox 584 1814 2826 1892; baseline -0.001 -17"><span class='ocrx_word' id='word_1_143' title='bbox 584 1816 743 1875; x_wconf 85' lang='lat' dir='ltr'><strong>Num</strong></span> <span class='ocrx_word' id='word_1_144' title='bbox 786 1816 999 1873; x_wconf 89' lang='lat' dir='ltr'><strong>mirum</strong></span> <span class='ocrx_word' id='word_1_145' title='bbox 1033 1821 1155 1887; x_wconf 80' lang='lat' dir='ltr'><strong>est,</strong></span> <span class='ocrx_word' id='word_1_146' title='bbox 1204 1816 1364 1892; x_wconf 90' lang='lat' dir='ltr'><strong>quod</strong></span> <span class='ocrx_word' id='word_1_147' title='bbox 1396 1816 1621 1874; x_wconf 65' lang='lat' dir='ltr'><strong>talium</strong></span> <span class='ocrx_word' id='word_1_148' title='bbox 1673 1816 1858 1891; x_wconf 82' lang='lat' dir='ltr'><strong>magis</strong></span> <span class='ocrx_word' id='word_1_149' title='bbox 1887 1816 2178 1874; x_wconf 80' lang='lat' dir='ltr'><strong>intererat</strong></span> <span class='ocrx_word' id='word_1_150' title='bbox 2208 1816 2613 1873; x_wconf 83' lang='lat' dir='ltr'><strong>monachicam</strong></span> <span class='ocrx_word' id='word_1_151' title='bbox 2637 1814 2826 1873; x_wconf 82' lang='lat' dir='ltr'><strong>vitam</strong></span> 
     </span>
     <span class='ocr_line' id='line_1_19' title="bbox 580 1902 2726 1981; baseline -0 -20"><span class='ocrx_word' id='word_1_152' title='bbox 580 1906 645 1962; x_wconf 90' lang='lat' dir='ltr'><strong>in</strong></span> <span class='ocrx_word' id='word_1_153' title='bbox 689 1904 869 1963; x_wconf 88' lang='lat' dir='ltr'><strong>laicos</strong></span> <span class='ocrx_word' id='word_1_154' title='bbox 916 1924 1266 1981; x_wconf 81' lang='lat' dir='ltr'><strong>propagare,</strong></span> <span class='ocrx_word' id='word_1_155' title='bbox 1314 1924 1493 1979; x_wconf 88' lang='lat' dir='ltr'><strong>quam</strong></span> <span class='ocrx_word' id='word_1_156' title='bbox 1538 1924 1776 1962; x_wconf 79' lang='lat' dir='ltr'><strong>servare</strong></span> <span class='ocrx_word' id='word_1_157' title='bbox 1821 1903 2199 1981; x_wconf 81' lang='lat' dir='ltr'><strong>disciplinam</strong></span> <span class='ocrx_word' id='word_1_158' title='bbox 2231 1902 2726 1962; x_wconf 80' lang='lat' dir='ltr'><strong>ecclesiasticam?</strong></span> 
     </span>
    </p>

    <p class='ocr_par' dir='ltr' id='par_1_4' title="bbox 576 1991 2829 3311">
     <span class='ocr_line' id='line_1_20' title="bbox 758 1991 2826 2069; baseline 0 -20"><span class='ocrx_word' id='word_1_159' title='bbox 758 1992 975 2068; x_wconf 84' lang='lat' dir='ltr'><strong>Itaque</strong></span> <span class='ocrx_word' id='word_1_160' title='bbox 1022 1992 1231 2068; x_wconf 85' lang='lat' dir='ltr'><strong>negari</strong></span> <span class='ocrx_word' id='word_1_161' title='bbox 1274 2012 1395 2049; x_wconf 84' lang='lat' dir='ltr'><strong>non</strong></span> <span class='ocrx_word' id='word_1_162' title='bbox 1442 1998 1644 2069; x_wconf 88' lang='lat' dir='ltr'><strong>potest</strong></span> <span class='ocrx_word' id='word_1_163' title='bbox 1683 1992 2072 2063; x_wconf 82' lang='lat' dir='ltr'><strong>Bonifatium,</strong></span> <span class='ocrx_word' id='word_1_164' title='bbox 2121 1992 2213 2050; x_wconf 90' lang='lat' dir='ltr'><strong>cui</strong></span> <span class='ocrx_word' id='word_1_165' title='bbox 2261 2013 2396 2050; x_wconf 85' lang='lat' dir='ltr'><strong>cum</strong></span> <span class='ocrx_word' id='word_1_166' title='bbox 2441 1991 2826 2069; x_wconf 77' lang='lat' dir='ltr'><strong>peregrinan-</strong></span> 
     </span>
     <span class='ocr_line' id='line_1_21' title="bbox 580 2080 2825 2158; baseline -0.001 -18"><span class='ocrx_word' id='word_1_167' title='bbox 580 2081 745 2140; x_wconf 80' lang='lat' dir='ltr'><strong>tibus</strong></span> <span class='ocrx_word' id='word_1_168' title='bbox 792 2081 1084 2157; x_wconf 88' lang='lat' dir='ltr'><strong>episcopis</strong></span> <span class='ocrx_word' id='word_1_169' title='bbox 1126 2086 1187 2139; x_wconf 82' lang='lat' dir='ltr'><strong>et</strong></span> <span class='ocrx_word' id='word_1_170' title='bbox 1218 2081 1583 2158; x_wconf 84' lang='lat' dir='ltr'><strong>presbyteris</strong></span> <span class='ocrx_word' id='word_1_171' title='bbox 1613 2100 1846 2158; x_wconf 84' lang='lat' dir='ltr'><strong>pugnas</strong></span> <span class='ocrx_word' id='word_1_172' title='bbox 1877 2081 2057 2139; x_wconf 86' lang='lat' dir='ltr'><strong>fuisse</strong></span> <span class='ocrx_word' id='word_1_173' title='bbox 2089 2087 2343 2153; x_wconf 83' lang='lat' dir='ltr'><strong>constat,</strong></span> <span class='ocrx_word' id='word_1_174' title='bbox 2391 2080 2825 2157; x_wconf 83' lang='lat' dir='ltr'><strong>quodammodo</strong></span> 
     </span>
     <span class='ocr_line' id='line_1_22' title="bbox 578 2168 2826 2243; baseline -0.001 -14"><span class='ocrx_word' id='word_1_175' title='bbox 578 2170 883 2229; x_wconf 86' lang='lat' dir='ltr'><strong>obstitisse</strong></span> <span class='ocrx_word' id='word_1_176' title='bbox 930 2168 1243 2228; x_wconf 84' lang='lat' dir='ltr'><strong>Scotorum</strong></span> <span class='ocrx_word' id='word_1_177' title='bbox 1305 2171 1366 2227; x_wconf 88' lang='lat' dir='ltr'><strong>in</strong></span> <span class='ocrx_word' id='word_1_178' title='bbox 1430 2170 1758 2228; x_wconf 86' lang='lat' dir='ltr'><strong>continenti</strong></span> <span class='ocrx_word' id='word_1_179' title='bbox 1817 2170 2181 2231; x_wconf 85' lang='lat' dir='ltr'><strong>auctoritati.</strong></span> <span class='ocrx_word' id='word_1_180' title='bbox 2274 2170 2408 2243; x_wconf 73' lang='lat' dir='ltr'><strong>Qua</strong></span> <span class='ocrx_word' id='word_1_181' title='bbox 2452 2170 2516 2226; x_wconf 86' lang='lat' dir='ltr'><strong>in</strong></span> <span class='ocrx_word' id='word_1_182' title='bbox 2561 2189 2625 2227; x_wconf 89' lang='lat' dir='ltr'><strong>re</strong></span> <span class='ocrx_word' id='word_1_183' title='bbox 2672 2168 2826 2227; x_wconf 78' lang='lat' dir='ltr'><strong>vitu-</strong></span> 
     </span>
     <span class='ocr_line' id='line_1_23' title="bbox 580 2257 2829 2336; baseline -0 -21"><span class='ocrx_word' id='word_1_184' title='bbox 580 2257 879 2336; x_wconf 86' lang='lat' dir='ltr'><strong>perandus</strong></span> <span class='ocrx_word' id='word_1_185' title='bbox 924 2263 1095 2329; x_wconf 85' lang='lat' dir='ltr'><strong>esset,</strong></span> <span class='ocrx_word' id='word_1_186' title='bbox 1143 2257 1194 2315; x_wconf 89' lang='lat' dir='ltr'><strong>si</strong></span> <span class='ocrx_word' id='word_1_187' title='bbox 1238 2258 1301 2315; x_wconf 88' lang='lat' dir='ltr'><strong>in</strong></span> <span class='ocrx_word' id='word_1_188' title='bbox 1348 2277 1549 2316; x_wconf 90' lang='lat' dir='ltr'><strong>omnes</strong></span> <span class='ocrx_word' id='word_1_189' title='bbox 1593 2258 1923 2335; x_wconf 87' lang='lat' dir='ltr'><strong>promiscue</strong></span> <span class='ocrx_word' id='word_1_190' title='bbox 1965 2259 2210 2318; x_wconf 84' lang='lat' dir='ltr'><strong>clericos</strong></span> <span class='ocrx_word' id='word_1_191' title='bbox 2240 2262 2530 2334; x_wconf 79' lang='lat' dir='ltr'><strong>vagantes</strong></span> <span class='ocrx_word' id='word_1_192' title='bbox 2561 2257 2829 2333; x_wconf 77' lang='lat' dir='ltr'><strong>graviter</strong></span> 
     </span>
     <span class='ocr_line' id='line_1_24' title="bbox 582 2346 2826 2424; baseline 0 -20"><span class='ocrx_word' id='word_1_193' title='bbox 582 2346 996 2417; x_wconf 83' lang='lat' dir='ltr'><strong>consuluisset;</strong></span> <span class='ocrx_word' id='word_1_194' title='bbox 1042 2346 1147 2404; x_wconf 90' lang='lat' dir='ltr'><strong>sed</strong></span> <span class='ocrx_word' id='word_1_195' title='bbox 1192 2346 1353 2421; x_wconf 86' lang='lat' dir='ltr'><strong>quod</strong></span> <span class='ocrx_word' id='word_1_196' title='bbox 1398 2346 1730 2405; x_wconf 88' lang='lat' dir='ltr'><strong>ministeria</strong></span> <span class='ocrx_word' id='word_1_197' title='bbox 1777 2346 2177 2407; x_wconf 83' lang='lat' dir='ltr'><strong>ecclesiastica</strong></span> <span class='ocrx_word' id='word_1_198' title='bbox 2223 2369 2258 2406; x_wconf 84' lang='lat' dir='ltr'><strong>a</strong></span> <span class='ocrx_word' id='word_1_199' title='bbox 2303 2346 2826 2424; x_wconf 74' lang='lat' dir='ltr'><strong>peregrinantibus</strong></span> 
     </span>
     <span class='ocr_line' id='line_1_25' title="bbox 582 2434 2825 2514; baseline -0 -20"><span class='ocrx_word' id='word_1_200' title='bbox 582 2434 793 2514; x_wconf 82' lang='lat' dir='ltr'><strong>peragi</strong></span> <span class='ocrx_word' id='word_1_201' title='bbox 846 2434 1039 2493; x_wconf 85' lang='lat' dir='ltr'><strong>noluit</strong></span> <span class='ocrx_word' id='word_1_202' title='bbox 1052 2479 1065 2506; x_wconf 94' lang='lat'>‚</span> <span class='ocrx_word' id='word_1_203' title='bbox 1128 2434 1244 2494; x_wconf 85' lang='lat' dir='ltr'><strong>nisi</strong></span> <span class='ocrx_word' id='word_1_204' title='bbox 1288 2435 1366 2494; x_wconf 85' lang='lat' dir='ltr'><strong>ab</strong></span> <span class='ocrx_word' id='word_1_205' title='bbox 1412 2434 1515 2508; x_wconf 86' lang='lat' dir='ltr'><strong>iis,</strong></span> <span class='ocrx_word' id='word_1_206' title='bbox 1579 2435 1683 2512; x_wconf 87' lang='lat' dir='ltr'><strong>qui</strong></span> <span class='ocrx_word' id='word_1_207' title='bbox 1727 2436 1822 2494; x_wconf 83' lang='lat' dir='ltr'><strong>vel</strong></span> <span class='ocrx_word' id='word_1_208' title='bbox 1869 2457 1904 2494; x_wconf 88' lang='lat' dir='ltr'><strong>a</strong></span> <span class='ocrx_word' id='word_1_209' title='bbox 1949 2436 2222 2512; x_wconf 78' lang='lat' dir='ltr'><strong>synodali</strong></span> <span class='ocrx_word' id='word_1_210' title='bbox 2269 2440 2562 2496; x_wconf 74' lang='lat' dir='ltr'><strong>conventu</strong></span> <span class='ocrx_word' id='word_1_211' title='bbox 2607 2435 2702 2493; x_wconf 83' lang='lat' dir='ltr'><strong>vel</strong></span> <span class='ocrx_word' id='word_1_212' title='bbox 2747 2435 2825 2493; x_wconf 84' lang='lat' dir='ltr'><strong>ab</strong></span> 
     </span>
     <span class='ocr_line' id='line_1_26' title="bbox 580 2523 2826 2602; baseline -0 -20"><span class='ocrx_word' id='word_1_213' title='bbox 580 2524 859 2602; x_wconf 85' lang='lat' dir='ltr'><strong>episcopo</strong></span> <span class='ocrx_word' id='word_1_214' title='bbox 915 2525 1171 2600; x_wconf 87' lang='lat' dir='ltr'><strong>quodam</strong></span> <span class='ocrx_word' id='word_1_215' title='bbox 1226 2523 1394 2600; x_wconf 80' lang='lat' dir='ltr'><strong>digni</strong></span> <span class='ocrx_word' id='word_1_216' title='bbox 1440 2532 1638 2586; x_wconf 81' lang='lat' dir='ltr'><strong>essent</strong></span> <span class='ocrx_word' id='word_1_217' title='bbox 1681 2524 1935 2598; x_wconf 82' lang='lat' dir='ltr'><strong>inventi,</strong></span> <span class='ocrx_word' id='word_1_218' title='bbox 1991 2527 2096 2600; x_wconf 88' lang='lat' dir='ltr'><strong>qui</strong></span> <span class='ocrx_word' id='word_1_219' title='bbox 2139 2545 2384 2583; x_wconf 81' lang='lat' dir='ltr'><strong>munere</strong></span> <span class='ocrx_word' id='word_1_220' title='bbox 2430 2523 2826 2583; x_wconf 79' lang='lat' dir='ltr'><strong>ecclesiastico</strong></span> 
     </span>
     <span class='ocr_line' id='line_1_27' title="bbox 580 2611 2829 2689; baseline -0 -18"><span class='ocrx_word' id='word_1_221' title='bbox 580 2613 985 2689; x_wconf 81' lang='lat' dir='ltr'><strong>fungerentur,</strong></span> <span class='ocrx_word' id='word_1_222' title='bbox 1030 2613 1165 2688; x_wconf 87' lang='lat' dir='ltr'><strong>quis</strong></span> <span class='ocrx_word' id='word_1_223' title='bbox 1212 2619 1319 2684; x_wconf 89' lang='lat' dir='ltr'><strong>est,</strong></span> <span class='ocrx_word' id='word_1_224' title='bbox 1367 2612 1471 2689; x_wconf 86' lang='lat' dir='ltr'><strong>qui</strong></span> <span class='ocrx_word' id='word_1_225' title='bbox 1517 2613 1752 2672; x_wconf 83' lang='lat' dir='ltr'><strong>crimini</strong></span> <span class='ocrx_word' id='word_1_226' title='bbox 1797 2613 1901 2672; x_wconf 89' lang='lat' dir='ltr'><strong>det</strong></span> <span class='ocrx_word' id='word_1_227' title='bbox 1928 2613 2234 2673; x_wconf 79' lang='lat' dir='ltr'><strong>Bonifatio</strong></span> <span class='ocrx_word' id='word_1_228' title='bbox 2251 2614 2280 2671; x_wconf 64' lang='grc' dir='ltr'><strong>*Ρ</strong></span> <span class='ocrx_word' id='word_1_229' title='bbox 2351 2612 2456 2672; x_wconf 86' lang='lat' dir='ltr'><strong>An</strong></span> <span class='ocrx_word' id='word_1_230' title='bbox 2499 2621 2633 2672; x_wconf 86' lang='lat' dir='ltr'><strong>erat</strong></span> <span class='ocrx_word' id='word_1_231' title='bbox 2664 2611 2829 2670; x_wconf 83' lang='lat' dir='ltr'><strong>aliud</strong></span> 
     </span>
     <span class='ocr_line' id='line_1_28' title="bbox 578 2700 2828 2779; baseline 0.001 -21"><span class='ocrx_word' id='word_1_232' title='bbox 578 2700 905 2760; x_wconf 88' lang='lat' dir='ltr'><strong>remedium</strong></span> <span class='ocrx_word' id='word_1_233' title='bbox 950 2701 1069 2760; x_wconf 88' lang='lat' dir='ltr'><strong>nisi</strong></span> <span class='ocrx_word' id='word_1_234' title='bbox 1112 2701 1225 2760; x_wconf 92' lang='lat' dir='ltr'><strong>hoc</strong></span> <span class='ocrx_word' id='word_1_235' title='bbox 1268 2721 1452 2760; x_wconf 87' lang='lat' dir='ltr'><strong>unum</strong></span> <span class='ocrx_word' id='word_1_236' title='bbox 1465 2745 1479 2774; x_wconf 92' lang='lat'><strong>,</strong></span> <span class='ocrx_word' id='word_1_237' title='bbox 1536 2707 1605 2760; x_wconf 90' lang='lat' dir='ltr'><strong>ut</strong></span> <span class='ocrx_word' id='word_1_238' title='bbox 1652 2702 1875 2778; x_wconf 84' lang='lat' dir='ltr'><strong>singuli</strong></span> <span class='ocrx_word' id='word_1_239' title='bbox 1915 2703 2399 2775; x_wconf 82' lang='lat' dir='ltr'><strong>aestimarentur,</strong></span> <span class='ocrx_word' id='word_1_240' title='bbox 2459 2708 2520 2761; x_wconf 86' lang='lat' dir='ltr'><strong>et</strong></span> <span class='ocrx_word' id='word_1_241' title='bbox 2565 2721 2675 2779; x_wconf 77' lang='lat' dir='ltr'><strong>pro</strong></span> <span class='ocrx_word' id='word_1_242' title='bbox 2719 2719 2828 2760; x_wconf 86' lang='lat' dir='ltr'><strong>sua</strong></span> 
     </span>
     <span class='ocr_line' id='line_1_29' title="bbox 578 2789 2826 2870; baseline 0.001 -24"><span class='ocrx_word' id='word_1_243' title='bbox 578 2789 837 2865; x_wconf 86' lang='lat' dir='ltr'><strong>quisque</strong></span> <span class='ocrx_word' id='word_1_244' title='bbox 893 2789 1195 2866; x_wconf 83' lang='lat' dir='ltr'><strong>dignitate</strong></span> <span class='ocrx_word' id='word_1_245' title='bbox 1254 2795 1359 2848; x_wconf 86' lang='lat' dir='ltr'><strong>aut</strong></span> <span class='ocrx_word' id='word_1_246' title='bbox 1390 2789 1779 2866; x_wconf 21' lang='lat' dir='ltr'><strong>‘indignitate</strong></span> <span class='ocrx_word' id='word_1_247' title='bbox 1839 2797 1946 2850; x_wconf 86' lang='lat' dir='ltr'><strong>aut</strong></span> <span class='ocrx_word' id='word_1_248' title='bbox 2007 2792 2494 2870; x_wconf 87' lang='lat' dir='ltr'><strong>comprobaretur</strong></span> <span class='ocrx_word' id='word_1_249' title='bbox 2539 2797 2644 2850; x_wconf 83' lang='lat' dir='ltr'><strong>aut</strong></span> <span class='ocrx_word' id='word_1_250' title='bbox 2689 2809 2826 2848; x_wconf 81' lang='lat' dir='ltr'><strong>con·-</strong></span> 
     </span>
     <span class='ocr_line' id='line_1_30' title="bbox 576 2877 2826 2940; baseline 0.001 -5"><span class='ocrx_word' id='word_1_251' title='bbox 576 2877 963 2938; x_wconf 82' lang='lat' dir='ltr'><strong>demnaretur</strong></span> <span class='ocrx_word' id='word_1_252' title='bbox 976 2877 1005 2935; x_wconf 74' lang='lat'><strong>⁸?</strong></span> <span class='ocrx_word' id='word_1_253' title='bbox 1099 2878 1280 2937; x_wconf 84' lang='lat' dir='ltr'><strong>Certo</strong></span> <span class='ocrx_word' id='word_1_254' title='bbox 1340 2897 1459 2936; x_wconf 86' lang='lat' dir='ltr'><strong>non</strong></span> <span class='ocrx_word' id='word_1_255' title='bbox 1522 2885 1668 2938; x_wconf 82' lang='lat' dir='ltr'><strong>erat.</strong></span> <span class='ocrx_word' id='word_1_256' title='bbox 1760 2880 1914 2940; x_wconf 86' lang='lat' dir='ltr'><strong>Nam</strong></span> <span class='ocrx_word' id='word_1_257' title='bbox 1977 2899 2108 2938; x_wconf 83' lang='lat' dir='ltr'><strong>cum</strong></span> <span class='ocrx_word' id='word_1_258' title='bbox 2169 2879 2483 2938; x_wconf 82' lang='lat' dir='ltr'><strong>Scotorum</strong></span> <span class='ocrx_word' id='word_1_259' title='bbox 2547 2880 2826 2940; x_wconf 80' lang='lat' dir='ltr'><strong>ecclesiae</strong></span> 
     </span>
     <span class='ocr_line' id='line_1_31' title="bbox 580 2966 2826 3043; baseline 0.001 -18"><span class='ocrx_word' id='word_1_260' title='bbox 580 2985 775 3026; x_wconf 88' lang='lat' dir='ltr'><strong>mores</strong></span> <span class='ocrx_word' id='word_1_261' title='bbox 822 2973 883 3026; x_wconf 89' lang='lat' dir='ltr'><strong>et</strong></span> <span class='ocrx_word' id='word_1_262' title='bbox 928 2967 1209 3026; x_wconf 86' lang='lat' dir='ltr'><strong>credendi</strong></span> <span class='ocrx_word' id='word_1_263' title='bbox 1253 2966 1610 3043; x_wconf 81' lang='lat' dir='ltr'><strong>vivendique</strong></span> <span class='ocrx_word' id='word_1_264' title='bbox 1657 2968 1814 3027; x_wconf 88' lang='lat' dir='ltr'><strong>ratio</strong></span> <span class='ocrx_word' id='word_1_265' title='bbox 1855 2990 1892 3027; x_wconf 87' lang='lat' dir='ltr'><strong>a</strong></span> <span class='ocrx_word' id='word_1_266' title='bbox 1919 2969 2326 3027; x_wconf 81' lang='lat' dir='ltr'><strong>Romanorum</strong></span> <span class='ocrx_word' id='word_1_267' title='bbox 2358 2968 2474 3027; x_wconf 85' lang='lat' dir='ltr'><strong>nisi</strong></span> <span class='ocrx_word' id='word_1_268' title='bbox 2503 2969 2826 3028; x_wconf 79' lang='lat' dir='ltr'><strong>levioribus</strong></span> 
     </span>
     <span class='ocr_line' id='line_1_32' title="bbox 578 3055 2824 3135; baseline -0 -21"><span class='ocrx_word' id='word_1_269' title='bbox 578 3055 817 3115; x_wconf 81' lang='lat' dir='ltr'><strong>diversa</strong></span> <span class='ocrx_word' id='word_1_270' title='bbox 872 3077 993 3115; x_wconf 87' lang='lat' dir='ltr'><strong>non</strong></span> <span class='ocrx_word' id='word_1_271' title='bbox 1052 3063 1273 3129; x_wconf 86' lang='lat' dir='ltr'><strong>essent,</strong></span> <span class='ocrx_word' id='word_1_272' title='bbox 1336 3056 1499 3116; x_wconf 80' lang='lat' dir='ltr'><strong>Scoti</strong></span> <span class='ocrx_word' id='word_1_273' title='bbox 1559 3076 1670 3135; x_wconf 90' lang='lat' dir='ltr'><strong>pro</strong></span> <span class='ocrx_word' id='word_1_274' title='bbox 1731 3057 1852 3116; x_wconf 88' lang='lat' dir='ltr'><strong>suis</strong></span> <span class='ocrx_word' id='word_1_275' title='bbox 1914 3057 2164 3134; x_wconf 86' lang='lat' dir='ltr'><strong>quisque</strong></span> <span class='ocrx_word' id='word_1_276' title='bbox 2225 3057 2488 3116; x_wconf 84' lang='lat' dir='ltr'><strong>moribus</strong></span> <span class='ocrx_word' id='word_1_277' title='bbox 2543 3057 2824 3134; x_wconf 81' lang='lat' dir='ltr'><strong>prodesse</strong></span> 
     </span>
     <span class='ocr_line' id='line_1_33' title="bbox 578 3144 2828 3222; baseline 0 -20"><span class='ocrx_word' id='word_1_278' title='bbox 578 3151 905 3221; x_wconf 88' lang='lat' dir='ltr'><strong>potuerunt</strong></span> <span class='ocrx_word' id='word_1_279' title='bbox 934 3144 1243 3204; x_wconf 80' lang='lat' dir='ltr'><strong>Bonifatio</strong></span> <span class='ocrx_word' id='word_1_280' title='bbox 1288 3145 1353 3204; x_wconf 88' lang='lat' dir='ltr'><strong>in</strong></span> <span class='ocrx_word' id='word_1_281' title='bbox 1397 3145 1796 3222; x_wconf 85' lang='lat' dir='ltr'><strong>praedicando</strong></span> <span class='ocrx_word' id='word_1_282' title='bbox 1841 3147 2151 3222; x_wconf 79' lang='lat' dir='ltr'><strong>evangelio</strong></span> <span class='ocrx_word' id='word_1_283' title='bbox 2199 3145 2531 3204; x_wconf 86' lang='lat' dir='ltr'><strong>elaboranti</strong></span> <span class='ocrx_word' id='word_1_284' title='bbox 2577 3152 2682 3204; x_wconf 84' lang='lat' dir='ltr'><strong>aut</strong></span> <span class='ocrx_word' id='word_1_285' title='bbox 2721 3145 2828 3203; x_wconf 77' lang='lat' dir='ltr'><strong>ob-</strong></span> 
     </span>
     <span class='ocr_line' id='line_1_34' title="bbox 578 3233 2406 3311; baseline 0.001 -20"><span class='ocrx_word' id='word_1_286' title='bbox 578 3252 723 3292; x_wconf 83' lang='lat' dir='ltr'><strong>esse.</strong></span> <span class='ocrx_word' id='word_1_287' title='bbox 814 3233 981 3310; x_wconf 83' lang='lat' dir='ltr'><strong>Ergo</strong></span> <span class='ocrx_word' id='word_1_288' title='bbox 1027 3235 1231 3308; x_wconf 84' lang='lat' dir='ltr'><strong>quales</strong></span> <span class='ocrx_word' id='word_1_289' title='bbox 1280 3240 1477 3293; x_wconf 84' lang='lat' dir='ltr'><strong>essent</strong></span> <span class='ocrx_word' id='word_1_290' title='bbox 1521 3234 1761 3311; x_wconf 84' lang='lat' dir='ltr'><strong>singuli,</strong></span> <span class='ocrx_word' id='word_1_291' title='bbox 1810 3235 2212 3311; x_wconf 81' lang='lat' dir='ltr'><strong>quaerendum</strong></span> <span class='ocrx_word' id='word_1_292' title='bbox 2259 3240 2406 3293; x_wconf 83' lang='lat' dir='ltr'><strong>erat.</strong></span> 
     </span>
    </p>

    <p class='ocr_par' dir='ltr' id='par_1_5' title="bbox 576 3321 2830 4103">
     <span class='ocr_line' id='line_1_35' title="bbox 756 3321 2828 3400; baseline -0.001 -20"><span class='ocrx_word' id='word_1_293' title='bbox 756 3322 893 3380; x_wconf 87' lang='lat' dir='ltr'><strong>Hac</strong></span> <span class='ocrx_word' id='word_1_294' title='bbox 953 3323 1155 3381; x_wconf 80' lang='lat' dir='ltr'><strong>eadem</strong></span> <span class='ocrx_word' id='word_1_295' title='bbox 1212 3322 1445 3380; x_wconf 84' lang='lat' dir='ltr'><strong>ratione</strong></span> <span class='ocrx_word' id='word_1_296' title='bbox 1502 3323 1682 3381; x_wconf 87' lang='lat' dir='ltr'><strong>etiam</strong></span> <span class='ocrx_word' id='word_1_297' title='bbox 1733 3323 1922 3400; x_wconf 80' lang='lat' dir='ltr'><strong>magis</strong></span> <span class='ocrx_word' id='word_1_298' title='bbox 1975 3343 2128 3400; x_wconf 86' lang='lat' dir='ltr'><strong>opus</strong></span> <span class='ocrx_word' id='word_1_299' title='bbox 2173 3329 2302 3382; x_wconf 82' lang='lat' dir='ltr'><strong>erat</strong></span> <span class='ocrx_word' id='word_1_300' title='bbox 2345 3324 2410 3381; x_wconf 86' lang='lat' dir='ltr'><strong>in</strong></span> <span class='ocrx_word' id='word_1_301' title='bbox 2455 3321 2828 3393; x_wconf 84' lang='lat' dir='ltr'><strong>Britonibus,</strong></span> 
     </span>
     <span class='ocr_line' id='line_1_36' title="bbox 579 3409 2825 3490; baseline -0.001 -22"><span class='ocrx_word' id='word_1_302' title='bbox 579 3409 643 3468; x_wconf 84' lang='lat' dir='ltr'><strong>in</strong></span> <span class='ocrx_word' id='word_1_303' title='bbox 690 3429 837 3486; x_wconf 87' lang='lat' dir='ltr'><strong>quos</strong></span> <span class='ocrx_word' id='word_1_304' title='bbox 882 3411 1039 3468; x_wconf 88' lang='lat' dir='ltr'><strong>idem</strong></span> <span class='ocrx_word' id='word_1_305' title='bbox 1085 3410 1455 3482; x_wconf 84' lang='lat' dir='ltr'><strong>Bonifatius,</strong></span> <span class='ocrx_word' id='word_1_306' title='bbox 1504 3412 1636 3470; x_wconf 82' lang='lat' dir='ltr'><strong>nisi</strong></span> <span class='ocrx_word' id='word_1_307' title='bbox 1667 3411 1795 3489; x_wconf 88' lang='lat' dir='ltr'><strong>ipse</strong></span> <span class='ocrx_word' id='word_1_308' title='bbox 1839 3431 2000 3490; x_wconf 85' lang='lat' dir='ltr'><strong>papa</strong></span> <span class='ocrx_word' id='word_1_309' title='bbox 2043 3412 2439 3470; x_wconf 84' lang='lat' dir='ltr'><strong>recentiorum</strong></span> <span class='ocrx_word' id='word_1_310' title='bbox 2483 3429 2646 3468; x_wconf 87' lang='lat' dir='ltr'><strong>more</strong></span> <span class='ocrx_word' id='word_1_311' title='bbox 2690 3409 2825 3466; x_wconf 85' lang='lat' dir='ltr'><strong>Bri-</strong></span> 
     </span>
     <span class='ocr_line' id='line_1_37' title="bbox 578 3498 2829 3577; baseline 0 -21"><span class='ocrx_word' id='word_1_312' title='bbox 578 3503 751 3559; x_wconf 84' lang='lat' dir='ltr'><strong>tones</strong></span> <span class='ocrx_word' id='word_1_313' title='bbox 796 3498 1107 3560; x_wconf 88' lang='lat' dir='ltr'><strong>nominans</strong></span> <span class='ocrx_word' id='word_1_314' title='bbox 1154 3498 1363 3558; x_wconf 83' lang='lat' dir='ltr'><strong>Scotos</strong></span> <span class='ocrx_word' id='word_1_315' title='bbox 1406 3499 1678 3577; x_wconf 81' lang='lat' dir='ltr'><strong>intellegi</strong></span> <span class='ocrx_word' id='word_1_316' title='bbox 1723 3500 1940 3572; x_wconf 81' lang='lat' dir='ltr'><strong>voluit,</strong></span> <span class='ocrx_word' id='word_1_317' title='bbox 1987 3500 2052 3558; x_wconf 90' lang='lat' dir='ltr'><strong>in</strong></span> <span class='ocrx_word' id='word_1_318' title='bbox 2081 3499 2405 3559; x_wconf 78' lang='lat' dir='ltr'><strong>Germania</strong></span> <span class='ocrx_word' id='word_1_319' title='bbox 2449 3499 2663 3557; x_wconf 81' lang='lat' dir='ltr'><strong>incidit</strong></span> <span class='ocrx_word' id='word_1_320' title='bbox 2709 3499 2829 3575; x_wconf 84' lang='lat' dir='ltr'><strong>(ep.</strong></span> 
     </span>
     <span class='ocr_line' id='line_1_38' title="bbox 579 3585 2829 3666; baseline 0 -22"><span class='ocrx_word' id='word_1_321' title='bbox 579 3585 779 3644; x_wconf 78' lang='lat' dir='ltr'><strong>Bonis.</strong></span> <span class='ocrx_word' id='word_1_322' title='bbox 827 3587 907 3644; x_wconf 86' lang='lat'><strong>37</strong></span> <span class='ocrx_word' id='word_1_323' title='bbox 956 3587 1135 3660; x_wconf 82' lang='lat' dir='ltr'><strong>Jaffe,</strong></span> <span class='ocrx_word' id='word_1_324' title='bbox 1192 3587 1349 3645; x_wconf 90' lang='lat' dir='ltr'><strong>Bibl.</strong></span> <span class='ocrx_word' id='word_1_325' title='bbox 1396 3607 1509 3645; x_wconf 90' lang='lat' dir='ltr'><strong>rer.</strong></span> <span class='ocrx_word' id='word_1_326' title='bbox 1558 3587 1762 3646; x_wconf 76' lang='lat' dir='ltr'><strong>Germ.</strong></span> <span class='ocrx_word' id='word_1_327' title='bbox 1808 3587 1932 3661; x_wconf 89' lang='grc' dir='ltr'><strong>ΙΙΙ,</strong></span> <span class='ocrx_word' id='word_1_328' title='bbox 1978 3610 2036 3666; x_wconf 89' lang='lat' dir='ltr'><strong>p.</strong></span> <span class='ocrx_word' id='word_1_329' title='bbox 2092 3590 2259 3666; x_wconf 78' lang='lat'>103).</span> <span class='ocrx_word' id='word_1_330' title='bbox 2333 3589 2490 3648; x_wconf 83' lang='lat' dir='ltr'><strong>Nam</strong></span> <span class='ocrx_word' id='word_1_331' title='bbox 2533 3587 2648 3646; x_wconf 73' lang='lat' dir='ltr'><strong>etsi</strong></span> <span class='ocrx_word' id='word_1_332' title='bbox 2695 3586 2829 3644; x_wconf 83' lang='lat' dir='ltr'><strong>Bri-</strong></span> 
     </span>
     <span class='ocr_line' id='line_1_39' title="bbox 576 3673 2828 3753; baseline 0 -21"><span class='ocrx_word' id='word_1_333' title='bbox 576 3679 784 3732; x_wconf 85' lang='lat' dir='ltr'><strong>tonum</strong></span> <span class='ocrx_word' id='word_1_334' title='bbox 846 3676 1090 3735; x_wconf 89' lang='lat' dir='ltr'><strong>ecclesia</strong></span> <span class='ocrx_word' id='word_1_335' title='bbox 1150 3696 1187 3733; x_wconf 91' lang='lat' dir='ltr'><strong>a</strong></span> <span class='ocrx_word' id='word_1_336' title='bbox 1230 3675 1504 3734; x_wconf 84' lang='lat' dir='ltr'><strong>Romana</strong></span> <span class='ocrx_word' id='word_1_337' title='bbox 1564 3677 1758 3734; x_wconf 89' lang='lat' dir='ltr'><strong>minus</strong></span> <span class='ocrx_word' id='word_1_338' title='bbox 1819 3677 2209 3738; x_wconf 83' lang='lat' dir='ltr'><strong>dissentiebat</strong></span> <span class='ocrx_word' id='word_1_339' title='bbox 2273 3697 2452 3753; x_wconf 86' lang='lat' dir='ltr'><strong>quam</strong></span> <span class='ocrx_word' id='word_1_340' title='bbox 2497 3673 2828 3748; x_wconf 79' lang='lat' dir='ltr'><strong>Scotorum,</strong></span> 
     </span>
     <span class='ocr_line' id='line_1_40' title="bbox 580 3763 2826 3843; baseline 0 -22"><span class='ocrx_word' id='word_1_341' title='bbox 580 3768 809 3835; x_wconf 84' lang='lat' dir='ltr'><strong>tamen,</strong></span> <span class='ocrx_word' id='word_1_342' title='bbox 857 3763 999 3840; x_wconf 84' lang='lat' dir='ltr'><strong>quia</strong></span> <span class='ocrx_word' id='word_1_343' title='bbox 1042 3763 1301 3823; x_wconf 84' lang='lat' dir='ltr'><strong>Romani</strong></span> <span class='ocrx_word' id='word_1_344' title='bbox 1344 3783 1464 3822; x_wconf 85' lang='lat' dir='ltr'><strong>una</strong></span> <span class='ocrx_word' id='word_1_345' title='bbox 1510 3785 1642 3824; x_wconf 83' lang='lat' dir='ltr'><strong>cum</strong></span> <span class='ocrx_word' id='word_1_346' title='bbox 1693 3765 1912 3843; x_wconf 83' lang='lat' dir='ltr'><strong>Anglis</strong></span> <span class='ocrx_word' id='word_1_347' title='bbox 1957 3765 2106 3824; x_wconf 91' lang='lat' dir='ltr'><strong>adeo</strong></span> <span class='ocrx_word' id='word_1_348' title='bbox 2151 3767 2214 3824; x_wconf 88' lang='lat' dir='ltr'><strong>in</strong></span> <span class='ocrx_word' id='word_1_349' title='bbox 2259 3765 2581 3824; x_wconf 80' lang='lat' dir='ltr'><strong>Britonum</strong></span> <span class='ocrx_word' id='word_1_350' title='bbox 2623 3763 2826 3822; x_wconf 82' lang='lat' dir='ltr'><strong>odium</strong></span> 
     </span>
     <span class='ocr_line' id='line_1_41' title="bbox 576 3852 2826 3932; baseline 0 -23"><span class='ocrx_word' id='word_1_351' title='bbox 576 3852 911 3924; x_wconf 85' lang='lat' dir='ltr'><strong>subierant,</strong></span> <span class='ocrx_word' id='word_1_352' title='bbox 972 3858 1041 3911; x_wconf 90' lang='lat' dir='ltr'><strong>ut</strong></span> <span class='ocrx_word' id='word_1_353' title='bbox 1085 3853 1369 3912; x_wconf 86' lang='lat' dir='ltr'><strong>Britoncs</strong></span> <span class='ocrx_word' id='word_1_354' title='bbox 1430 3873 1547 3912; x_wconf 88' lang='lat' dir='ltr'><strong>non</strong></span> <span class='ocrx_word' id='word_1_355' title='bbox 1604 3856 1792 3912; x_wconf 88' lang='lat' dir='ltr'><strong>solum</strong></span> <span class='ocrx_word' id='word_1_356' title='bbox 1851 3875 1984 3913; x_wconf 91' lang='lat' dir='ltr'><strong>cum</strong></span> <span class='ocrx_word' id='word_1_357' title='bbox 2029 3855 2250 3932; x_wconf 81' lang='lat' dir='ltr'><strong>Anglis</strong></span> <span class='ocrx_word' id='word_1_358' title='bbox 2305 3855 2410 3912; x_wconf 84' lang='lat' dir='ltr'><strong>sed</strong></span> <span class='ocrx_word' id='word_1_359' title='bbox 2465 3852 2647 3911; x_wconf 78' lang='lat' dir='ltr'><strong>etiam</strong></span> <span class='ocrx_word' id='word_1_360' title='bbox 2695 3871 2826 3912; x_wconf 84' lang='lat' dir='ltr'><strong>cum</strong></span> 
     </span>
     <span class='ocr_line' id='line_1_42' title="bbox 576 3938 2828 4013; baseline 0.001 -16"><span class='ocrx_word' id='word_1_361' title='bbox 576 3938 893 4013; x_wconf 79' lang='lat' dir='ltr'><strong>Romanis,</strong></span> <span class='ocrx_word' id='word_1_362' title='bbox 954 3961 1031 4000; x_wconf 85' lang='lat' dir='ltr'><strong>ne</strong></span> <span class='ocrx_word' id='word_1_363' title='bbox 1082 3942 1274 4002; x_wconf 85' lang='lat' dir='ltr'><strong>dicam</strong></span> <span class='ocrx_word' id='word_1_364' title='bbox 1330 3961 1461 4001; x_wconf 88' lang='lat' dir='ltr'><strong>cum</strong></span> <span class='ocrx_word' id='word_1_365' title='bbox 1517 3943 1792 4002; x_wconf 87' lang='lat' dir='ltr'><strong>omnibus</strong></span> <span class='ocrx_word' id='word_1_366' title='bbox 1847 3943 2186 4002; x_wconf 84' lang='lat' dir='ltr'><strong>christianis</strong></span> <span class='ocrx_word' id='word_1_367' title='bbox 2228 3959 2504 4002; x_wconf 79' lang='lat' dir='ltr'><strong>romano·</strong></span> <span class='ocrx_word' id='word_1_368' title='bbox 2520 3940 2828 3999; x_wconf 73' lang='lat' dir='ltr'><strong>catholicis</strong></span> 
     </span>
     <span class='ocr_line' id='line_1_43' title="bbox 576 4029 2830 4103; baseline 0 -17"><span class='ocrx_word' id='word_1_369' title='bbox 576 4029 993 4088; x_wconf 88' lang='lat' dir='ltr'><strong>commercium</strong></span> <span class='ocrx_word' id='word_1_370' title='bbox 1052 4031 1269 4090; x_wconf 81' lang='lat' dir='ltr'><strong>habere</strong></span> <span class='ocrx_word' id='word_1_371' title='bbox 1330 4031 1559 4090; x_wconf 88' lang='lat' dir='ltr'><strong>nollent</strong></span> <span class='ocrx_word' id='word_1_372' title='bbox 1576 4031 1620 4103; x_wconf 82' lang='lat'><strong>1,</strong></span> <span class='ocrx_word' id='word_1_373' title='bbox 1680 4031 1964 4090; x_wconf 87' lang='lat' dir='ltr'><strong>Britones</strong></span> <span class='ocrx_word' id='word_1_374' title='bbox 2023 4033 2087 4090; x_wconf 89' lang='lat' dir='ltr'><strong>in</strong></span> <span class='ocrx_word' id='word_1_375' title='bbox 2135 4029 2460 4090; x_wconf 79' lang='lat' dir='ltr'><strong>Germania</strong></span> <span class='ocrx_word' id='word_1_376' title='bbox 2522 4034 2830 4088; x_wconf 77' lang='lat' dir='ltr'><strong>versantes</strong></span> 
     </span>
    </p>
   </div>
   <div class='ocr_carea' id='block_1_3' title="bbox 577 4171 1003 4181">
    <p class='ocr_par' dir='ltr' id='par_1_6' title="bbox 577 4171 1003 4181">
     <span class='ocr_line' id='line_1_44' title="bbox 577 4171 1003 4181; baseline 0 719"><span class='ocrx_word' id='word_1_377' title='bbox 577 4171 1003 4181; x_wconf 95' lang='lat' dir='ltr'><strong> </strong></span> 
     </span>
    </p>
   </div>
   <div class='ocr_carea' id='block_1_4' title="bbox 576 4235 2827 4374">
    <p class='ocr_par' dir='ltr' id='par_1_7' title="bbox 576 4235 2827 4366">
     <span class='ocr_line' id='line_1_45' title="bbox 646 4235 2827 4308; baseline -0.001 -15"><span class='ocrx_word' id='word_1_378' title='bbox 646 4267 652 4276; x_wconf 91' lang='lat'>·</span> <span class='ocrx_word' id='word_1_379' title='bbox 724 4241 744 4271; x_wconf 82' lang='lat'>²</span> <span class='ocrx_word' id='word_1_380' title='bbox 783 4235 856 4293; x_wconf 91' lang='lat' dir='ltr'><strong>In</strong></span> <span class='ocrx_word' id='word_1_381' title='bbox 880 4239 983 4308; x_wconf 87' lang='lat' dir='ltr'><strong>Baj</strong></span> <span class='ocrx_word' id='word_1_382' title='bbox 989 4239 1187 4292; x_wconf 80' lang='lat' dir='ltr'><strong>uvaria</strong></span> <span class='ocrx_word' id='word_1_383' title='bbox 1212 4239 1444 4292; x_wconf 89' lang='lat' dir='ltr'><strong>ineunte</strong></span> <span class='ocrx_word' id='word_1_384' title='bbox 1482 4239 1708 4292; x_wconf 87' lang='lat' dir='ltr'><strong>saeculo</strong></span> <span class='ocrx_word' id='word_1_385' title='bbox 1735 4241 1938 4293; x_wconf 87' lang='lat' dir='ltr'><strong>octavo</strong></span> <span class='ocrx_word' id='word_1_386' title='bbox 1965 4238 2354 4301; x_wconf 68' lang='lat' dir='ltr'><strong>corbinianus,</strong></span> <span class='ocrx_word' id='word_1_387' title='bbox 2397 4255 2526 4292; x_wconf 88' lang='lat' dir='ltr'><strong>cum</strong></span> <span class='ocrx_word' id='word_1_388' title='bbox 2549 4237 2827 4291; x_wconf 83' lang='lat' dir='ltr'><strong>leviorem</strong></span> 
     </span>
     <span class='ocr_line' id='line_1_46' title="bbox 576 4259 2827 4374; baseline -0.001 -12"><span class='ocrx_word' id='word_1_389' title='bbox 576 4309 653 4363; x_wconf 90' lang='lat' dir='ltr'><strong>ob</strong></span> <span class='ocrx_word' id='word_1_390' title='bbox 701 4327 927 4364; x_wconf 84' lang='lat' dir='ltr'><strong>causam</strong></span> <span class='ocrx_word' id='word_1_391' title='bbox 960 4259 1161 4364; x_wconf 80' lang='lat' dir='ltr'><strong>Jeidem</strong></span> <span class='ocrx_word' id='word_1_392' title='bbox 1196 4327 1447 4372; x_wconf 76' lang='lat' dir='ltr'><strong>mensae,</strong></span> <span class='ocrx_word' id='word_1_393' title='bbox 1498 4311 1592 4364; x_wconf 81' lang='lat' dir='ltr'><strong>cui</strong></span> <span class='ocrx_word' id='word_1_394' title='bbox 1629 4308 1994 4365; x_wconf 80' lang='lat' dir='ltr'><strong>Grimoaldus</strong></span> <span class='ocrx_word' id='word_1_395' title='bbox 2031 4311 2147 4366; x_wconf 77' lang='lat' dir='ltr'><strong>dux</strong></span> <span class='ocrx_word' id='word_1_396' title='bbox 2184 4308 2526 4374; x_wconf 79' lang='lat' dir='ltr'><strong>accubabat,</strong></span> <span class='ocrx_word' id='word_1_397' title='bbox 2577 4307 2827 4362; x_wconf 79' lang='lat' dir='ltr'><strong>assidere</strong></span> 
     </span>
    </p>
   </div>
   <div class='ocr_carea' id='block_1_5' title="bbox 3151 2649 3155 3388">
    <p class='ocr_par' dir='ltr' id='par_1_8' title="bbox 3151 2649 3155 3388">
     <span class='ocr_line' id='line_1_47' title="bbox 3151 2649 3155 3388; baseline 0 0"><span class='ocrx_word' id='word_1_398' title='bbox 3151 2649 3155 3388; x_wconf 95' lang='lat' dir='ltr'><strong> </strong></span> 
     </span>
    </p>
   </div>
   <div class='ocr_carea' id='block_1_6' title="bbox 3152 4181 3155 4840">
    <p class='ocr_par' dir='ltr' id='par_1_9' title="bbox 3152 4181 3155 4840">
     <span class='ocr_line' id='line_1_48' title="bbox 3152 4181 3155 4840; baseline 0 0"><span class='ocrx_word' id='word_1_399' title='bbox 3152 4181 3155 4840; x_wconf 95' lang='lat' dir='ltr'><strong> </strong></span> 
     </span>
    </p>
   </div>
  </div>
 </body>
</html>
