3167 4900
1489 226 1930 284 ...36—

593 404 822 465 tatione
881 403 954 462 de
1014 402 1279 462 Patricio
1340 408 1402 462 et
1457 402 1758 476 Palladio,
1818 402 1892 459 de
1952 401 2437 462 annotationibus
2494 401 2849 461 Hibernicis

595 493 1002 553 disserendum
1045 493 1178 554 erit.

773 581 868 642 Ac
913 582 1170 660 primum
1219 582 1458 660 quidem
1503 581 1578 639 de
1624 579 2010 639 annotatione
2056 579 2129 638 de
2160 579 2425 640 Patricio
2456 585 2517 639 et
2546 579 2845 639 Palladi0.

595 672 782 745 Haec,
845 691 979 730 cum
1025 677 1166 730 ante
1211 691 1452 738 annum,
1481 671 1609 728 807
1658 669 1992 747 conscripta
2038 668 2117 728 sit
2162 669 2307 744 (vid.
2353 690 2516 747 supr.
2563 669 2639 728 de
2685 669 2847 728 libro

593 760 916 820 Ardmach.
961 782 1020 839 p.
1071 760 1201 837 32),
1261 759 1602 820 testimonio
1663 765 1753 819 est
1812 759 2053 816 ineunte
2114 759 2347 818 saeculo
2408 779 2565 816 nono
2629 757 2847 818 Scotos

593 850 896 928 putavisse
943 849 1277 909 Patricium
1333 848 1575 908 missum
1622 867 1749 908 esse
1796 869 1831 906 a
1878 847 2216 906 Ooelestino
2261 868 2437 925 papa.
2530 846 2844 921 Quomodo

593 938 807 998 missus
863 938 944 997 sit
987 937 1026 996 i.
1073 958 1122 995 e.
1168 943 1368 996 utrum
1428 939 1557 1015 ipse
1604 935 1977 996 coelestinus
2021 936 2273 1009 Romae,
2333 957 2411 995 an
2466 936 2618 996 alius
2667 939 2844 1011 jussu

598 1047 790 1105 papae
847 1027 965 1085 alio
1024 1027 1154 1085 loco
1200 1025 1528 1086 Patricium
1575 1025 1917 1103 episcopum
1962 1025 2421 1098 consecraverit,
2480 1025 2613 1102 ipsa
2658 1046 2843 1084 anno-

595 1117 744 1175 tatio
805 1136 925 1174 non
985 1115 1334 1193 explicavit,
1395 1121 1593 1174 tamen
1651 1116 1727 1173 ab
1781 1114 1892 1173 hac
1946 1114 2331 1174 annotatione
2376 1114 2704 1192 repetenda
2752 1122 2845 1174 est

596 1205 765 1281 origo
813 1225 1014 1263 earum
1045 1205 1470 1277 narrationum,
1519 1223 1668 1280 quas
1699 1202 2045 1280 posterioris
2077 1203 2361 1280 temporis
2392 1203 2554 1264 vitae
2584 1201 2843 1263 Patricii

593 1294 877 1353 exhibent
922 1300 1234 1353 narrantes
1280 1295 1356 1352 ab
1403 1293 1532 1370 ipso
1573 1291 1911 1352 Coelestino
1942 1292 2271 1350 Patricium
2316 1292 2380 1350 in
2427 1292 2843 1371 episcoporum

591 1403 899 1442 numerum
929 1403 1056 1442 3333
1087 1387 1389 1459 receptum
1424 1381 1532 1458 (sic
1564 1401 1637 1438 ex
1667 1381 1811 1440 vitis
1842 1401 2023 1459 supra
2055 1402 2115 1459 p.
2144 1381 2226 1439 32
2252 1401 2341 1458 sq.
2366 1382 2843 1442 commemoratis

592 1471 752 1531 vitae
798 1473 909 1531 sub
960 1471 1174 1529 5-10
1207 1472 1627 1546 enumeratae).
1704 1471 1871 1544 Quae
1912 1490 2043 1528 cum
2075 1470 2159 1528 ita
2191 1469 2328 1541 sint,
2376 1475 2629 1548 apparet
2660 1490 2839 1547 quam

591 1580 905 1639 perperam
953 1559 1296 1634 Schoellius,
1346 1580 1478 1619 cum
1525 1559 1733 1617 eadem
1778 1559 1852 1616 de
1896 1558 2164 1618 Patricio
2211 1579 2246 1616 a
2292 1557 2632 1618 Coelestino
2679 1580 2841 1637 papa

593 1654 934 1708 consecrato
995 1649 1259 1709 narratio
1321 1649 1589 1708 exeuntis
1650 1648 1869 1707 saeculi
1929 1648 2071 1707 noni
2129 1648 2500 1725 temporibus
2546 1647 2729 1707 etiam
2777 1648 2841 1706 in

593 1737 799 1797 Gallia
843 1744 1118 1798 occurrat
1162 1739 1321 1816 apud
1368 1737 1677 1796 Heiricum
1723 1736 2307 1796 Autissiodorensem
2340 1737 2655 1813 (Miracula
2686 1735 2839 1796 Ger-

592 1827 753 1885 mani
809 1826 950 1886 Act.
999 1827 1104 1887 SS.
1153 1827 1307 1886 Boll.
1353 1827 1506 1886 Julii
1554 1827 1632 1885 31
1696 1847 1743 1884 3.
1789 1826 1876 1900 II,
1936 1827 2014 1884 21
2081 1847 2139 1904 p.
2190 1824 2363 1902 259),
2419 1825 2697 1904 opinatus
2760 1827 2842 1886 sit

590 1915 860 1993 (Herzog
904 1915 980 1974 R.
1012 1916 1084 1974 Ε.
1138 1918 1210 1974 11
1265 1938 1324 1994 p.
1373 1913 1530 1995 208)
1577 1914 1977 1980 narrationem
2022 1915 2186 1972 illam
2232 1915 2305 1976 de
2343 1913 2613 1974 Patricio
2642 1915 2842 1973 Roma

591 2005 770 2064 misso
835 2006 897 2062 in
959 2003 1157 2064 Gallia
1221 2025 1346 2064 3333
1412 2004 1741 2063 confictam.
1848 2003 2065 2076 Imm0‚
2137 2023 2270 2061 cum
2328 2003 2609 2062 Heiricus
2670 2001 2841 2063 Scoti

593 2091 899 2169 qu'usdam
931 2094 1258 2172 discipulus
1288 2093 1469 2152 fuisse
1499 2093 1778 2152 tradatur
1808 2093 1954 2168 (vid.
1989 2092 2408 2164 wattenbach,
2457 2091 2839 2152 (1333111οῇ13-

593 2183 844 2259 quellen.
916 2183 974 2240 4.
1021 2181 1196 2242 Aufl.
1254 2181 1305 2255 Ι,
1363 2204 1420 2260 p.
1469 2181 1627 2258 244)
1686 2182 1815 2260 ipsa
1870 2181 2102 2241 Heirici
2160 2180 2425 2240 narratio
2488 2182 2842 2259 comprobat

592 2270 803 2330 Scotos
849 2277 992 2330 tunc
1037 2277 1278 2349 putasse
1326 2270 1683 2342 Patricium,
1744 2268 2031 2329 Germani
2074 2269 2517 2342 amicissimum,
2580 2271 2658 2329 ab
2706 2271 2840 2349 ipso

593 2359 930 2420 Coelestino
963 2366 1367 2420 consecratum
1399 2359 1597 2417 Roma
1642 2379 1716 2418 ex
1746 2359 1894 2418 urbe
1939 2359 2183 2418 missum
2216 2379 2341 2418 esse
2370 2358 2432 2416 in
2463 2359 2838 2418 Hiberniam.

590 2449 807 2527 Itaque
861 2449 1006 2527 quid
1060 2451 1300 2523 mirum,
1365 2450 1523 2527 quod
1578 2470 1647 2508 ea
1692 2449 1823 2527 ipsa
1869 2449 1995 2510 vita
2039 2447 2313 2521 Patrieii,
2375 2468 2527 2525 quae
2573 2449 2667 2508 his
2712 2450 2839 2508 fere

591 2539 956 2617 temporibus
1004 2540 1339 2617 conscripta
1385 2545 1476 2598 est
1523 2538 1716 2616 (Oolg.
1749 2538 1843 2598 IV
1890 2558 2070 2617 supra
2115 2560 2175 2616 p.
2226 2538 2328 2611 32,
2378 2536 2461 2613 5),
2509 2558 2641 2595 cum
2688 2538 2839 2597 Hei-

589 2628 699 2686 riei
756 2628 1100 2688 narratione
1161 2628 1458 2688 consentit
1503 2628 1683 2686 etiam
1730 2627 1802 2686 de
1850 2626 2151 2687 Germano
2198 2624 2530 2687 Patricium
2576 2626 2837 2685 Romam

590 2716 910 2775 mittente?
1690 2726 1699 2736 '

768 2804 942 2863 Alias
986 2825 1081 2863 res
1110 2804 1408 2875 Muirchui
1437 2806 1582 2877 vita,
1628 2825 1667 2862 a
1697 2824 1817 2881 qua
1845 2804 1973 2864 vita
2007 2804 2173 2880 Colg.
2205 2803 2277 2861 ΙΙ
2307 2805 2514 2881 (supra
2543 2825 2601 2882 p.
2631 2806 2734 2877 32,
2768 2806 2840 2882 4)

593 2898 656 2952 31
675 2892 957 2952 historiae
980 2892 1299 2953 Britonum
1327 2914 1477 2971 quae
1501 2892 1707 2952 addita
1724 2898 1871 2952 sunt
1892 2893 2145 2953 Patricii
2169 2898 2303 2951 acta
2328 2895 2533 2971 (supra
2555 2914 2613 2970 p.
2638 2894 2740 2965 32,
2770 2896 2838 2971 2)

591 2982 860 3059 profecta
917 2987 1115 3057 sunt,
1073 2982 1098 3018 1
1176 2983 1491 3042 memoriae
1536 2981 1820 3061 prodidit.
1911 2983 2135 3043 Narrat
2181 2982 2336 3040 enim
2381 2981 2711 3041 Patricium
2758 2984 2839 3041 ab

591 3068 885 3129 Hibernia
931 3073 1279 3150 profectum,
1325 3080 1388 3131 ut
1431 3070 1649 3131 videret
1693 3069 1887 3130 sedem
1930 3066 2312 3150 apostolicam
2356 3078 2408 3129 et
2452 3069 2695 3131 disceret
2738 3092 2835 3131 sa-

581 3157 872 3237 pientiam
932 3160 1155 3240 (Capit.
1201 3160 1368 3219 Aidi.
1427 3161 1683 3219 Betham
1738 3158 1825 3232 11,
1884 3181 2021 3239 app.
2067 3182 2125 3238 p.
2172 3158 2417 3236 VLIII)
2478 3160 2709 3221 venisse
2771 3160 2837 3219 in

591 3247 847 3307 Galliam
911 3249 987 3307 ad
1047 3249 1137 3309 St.
1199 3248 1577 3309 Germanum.
1685 3250 1809 3310 Ubi
1878 3270 2009 3308 cum
2069 3253 2404 3307 moraretur
2465 3269 2599 3307 cum
2660 3250 2837 3309 sociis

588 3336 854 3410 Auxilio,
901 3338 1190 3413 Isernino‚
1239 3338 1390 3411 aliis,
1435 3340 1654 3397 famam
1702 3358 1828 3397 esse
1874 3339 2115 3397 allatam
2163 3336 2236 3394 de
2267 3336 2541 3397 Palladio
2574 3337 2835 3397 Romam

586 3444 898 3485 reversuro
945 3434 1008 3487 et
1051 3427 1115 3486 in
1146 3427 1494 3487 Britonibus
1525 3429 1778 3487 mortuo.
1856 3428 1988 3501 Quo
2020 3426 2232 3485 nuntio
2265 3425 2469 3485 audito
2500 3425 2833 3487 Patricium

585 3519 885 3592 receptum
933 3517 1010 3574 ab
1056 3516 1330 3594 episcopo
1361 3515 1769 3593 Amathorege
1816 3518 1913 3592 (cf.
1949 3514 2145 3575 Skene
2175 3513 2262 3587 II,
2309 3536 2369 3593 p.
2403 3516 2528 3575 431
2564 3522 2687 3575 not.
2726 3517 2835 3593 19)

586 3602 650 3659 111
697 3602 1106 3682 episcoporum
1153 3624 1460 3663 numerum
1502 3606 1564 3664 in
1597 3605 1953 3664 Hiberniam
1984 3604 2245 3677 rediisse,
2290 3608 2361 3663 ut
2390 3605 2653 3664 Palladii
2684 3626 2837 3683 opus

587 3690 906 3769 exciperet.
952 3692 1169 3770 Itaque
1202 3699 1354 3753 teste
1378 3694 1688 3753 Muirchuo
1711 3692 2011 3752 Patricius
2042 3692 2279 3751 omnino
2303 3692 2533 3753 Romae
2555 3714 2675 3753 non
2700 3694 2833 3755 fuit.

764 3779 991 3840 Contra
1038 3781 1430 3856 Tirechanus,
1495 3783 1599 3860 qui
1658 3784 1731 3855 de
1778 3782 2050 3841 Palladio
2100 3788 2161 3841 et
2208 3781 2544 3843 Coelestino
2591 3784 2835 3842 omnino

585 3870 768 3929 verba
799 3889 918 3929 non
951 3870 1110 3944 fecit,
1144 3891 1501 3950 quamquam
1533 3878 1595 3930 et
1626 3872 1755 3950 ipse
1787 3890 1860 3929 ex
1892 3869 2091 3929 Gallia
2122 3870 2201 3929 ad
2230 3871 2588 3931 Hiberniam
2619 3893 2835 3933 navem

730 4045 752 4077 ¹
790 4044 1002 4100 Tamen
1037 4050 1276 4115 utraque
1314 4045 1433 4099 vita
1469 4042 1756 4102 Muirehui
1793 4043 2175 4098 narrationem
2217 4044 2299 4096 ita
2337 4045 2595 4110 mutavit,
2635 4048 2701 4099 ut
2724 4044 2833 4100 Pa-

587 4116 815 4169 tricium
854 4134 982 4170 cum
1021 4117 1288 4185 episcopo
1326 4116 1589 4170 Romano
1628 4115 1839 4169 arctius
1880 4116 2271 4185 conjungeret,
2311 4132 2443 4168 nam
2480 4117 2642 4185 prior
2672 4118 2834 4185 jussu

584 4204 700 4308 gap
663 4202 770 4253 pae
818 4184 1130 4240 Patricium
1177 4187 1248 4241 ab
1299 4186 1689 4255 Amathorege
1738 4190 2123 4240 consecratum
2172 4202 2293 4239 esse
2344 4191 2541 4240 narrat
2587 4186 2830 4257 (8311611,

646 4272 814 4327 erzog
861 4254 932 4311 R.
982 4256 1048 4311 E.
1100 4259 1160 4310 11
1214 4275 1268 4325 p.
1321 4257 1476 4324 207),
1541 4258 1723 4311 altera
1772 4254 2011 4311 Romam
2064 4272 2189 4309 eum
2242 4259 2554 4324 perrexisse
2608 4258 2835 4312 addidit

585 4275 885 4395 Olennius,
926 4328 1056 4383 hist.
1098 4328 1240 4382 Brit.
1284 4328 1316 4397 ξ
1357 4328 1467 4395 50).
