3167 4900
1224 223 1656 280 ...87—

324 399 507 460 etiam
552 399 747 459 minus
792 400 1210 474 cohaerebant,
1256 420 1434 476 quam
1480 398 1608 478 ipse
1648 399 1882 461 Eddius
1927 402 2173 461 censuit.
2233 402 2388 462 Nam
2433 410 2567 461 cum'

324 487 565 547 ceadda
633 489 1061 548 consecrandus
1120 490 1185 548 in
1246 488 1522 549 Cantiam
1582 489 1796 549 missus
1865 489 1946 549 sit
1961 533 1976 563 ,
2051 495 2304 569 apparet
2374 498 2564 568 ne'q'ue

324 576 544 637 Osviuo
604 575 737 653 regi
795 596 988 652 neque
1059 576 1135 637 iis
1151 621 1165 650 ,
1236 597 1489 654 quorum
1560 577 1808 637 consilio
1867 579 2174 651 utebatur,
2246 578 2309 637 in
2367 578 2564 641 animo

324 665 519 737 fuisse,
566 672 639 725 ut
682 665 1105 739 rescinderent,
1154 686 1307 743 quae
1350 666 1415 725 in
1460 666 1686 743 synodo
1733 667 2060 727 constituta
2091 672 2280 727 erant.
2357 666 2566 745 Neque

324 774 455 813 cum
486 753 803 813 wilfi-idus
846 754 1077 813 tamdiu
1122 754 1185 812 in
1218 752 1421 813 Gallia
1464 760 1730 816 moratus
1745 756 1860 828 sit,
1891 754 2224 815 mirandum
2255 759 2362 827 est,
2408 754 2568 831 qu'od

324 842 507 901 alium
553 844 867 920 eligerunt.
959 840 1253 902 Attamen
1300 863 1419 901 non
1464 864 1620 921 nego
1665 843 1988 903 verisimile
2047 852 2174 903 esse
2220 843 2566 905 wilfridum

320 950 443 989 non
506 931 781 990 omnibus
838 931 1353 1033 Nordanhymbris
1420 932 1751 1011 gratiosum
1818 932 2016 992 fuisse.
2118 930 2220 991 An
2285 932 2566 992 credibile

325 1026 419 1079 est
462 1028 613 1093 eum,
676 1020 779 1096 qui
826 1026 986 1079 certo
1033 1020 1211 1079 nimis
1256 1020 1549 1097 flagrante
1595 1019 1924 1097 cupiditate
1967 1020 2257 1080 Romanis
2303 1026 2566 1098 cuperet,

326 1108 431 1185 qui
475 1108 607 1185 ipse
650 1108 1013 1185 gloriaretur
1056 1108 1147 1166 in.
1164 1128 1251 1180 eo,
1300 1110 1461 1185 quod
1493 1106 1734 1187 primus
1782 1116 1928 1208 post
1971 1106 2193 1171 obitum
2229 1107 2568 1190 primorum

316 1214 633 1278 procerum
678 1216 719 1255 a
748 1193 903 1257 Seto-
938 1190 1227 1298 Greyon‘o
1258 1196 1613 1257 directorum
1641 1195 1971 1266 curavisset,
2015 1204 2079 1255 ut
2108 1190 2369 1256 Scotieae
2410 1195 2564 1257 viru

325 1282 475 1345 lenta
506 1282 897 1365 plantationis
936 1283 1204 1365 yemina
1249 1275 1635 1358 eradiearet„
1670 1292 1766 1345 ‚et
1808 1283 1988 1345 vitam
2032 1281 2453 1345 monachorum
2481 1302 2564 1344 se·

323 1373 587 1433 eumdum
629 1370 893 1452 reyula'm
952 1370 1081 1433 Soti
1123 1371 1323 1454 patris
1374 1371 1712 1444 Benedicti,
1773 1382 1953 1455 quam
2011 1370 2206 1432 nullus
2251 1371 2432 1452 prior
2487 1370 2572 1433 ibi

324 1460 644 1531 invexisset,
692 1460 1049 1523 constitueret
1093 1462 1327 1541 (steph.
1373 1462 1529 1521 Edd.
1573 1460 1812 1535 XLIV,
1858 1484 1916 1539 p.
1967 1463 2049 1519 70
2057 1462 2122 1538 5)
2152 1496 2242 1507 —
2286 1460 2567 1523 credibile

328 1554 433 1624 est,
496 1550 769 1627 inquam,
831 1570 962 1608 eum
1022 1551 1133 1610 hac
1190 1552 1322 1629 ipsa
1380 1549 1706 1629 asperitate
1767 1550 2239 1610 benevolentiam
2292 1550 2420 1630 -sibi
2466 1538 2566 1609 ad·

316 1639 588 1714 junxisse
618 1647 839 1711 eorum,
887 1638 991 1716 qui
1022 1640 1135 1699 etsi
1158 1640 1416 1699 libenter
1444 1659 1577 1697 cum
1607 1638 1896 1703 Romanis
1936 1638 2259 1698 amicitiam
2291 1637 2566 1710 inierant,

326 1726 729 1803 gratissimam
776 1734 975 1787 tamen
1022 1726 1350 1802 Scotorum,
1399 1727 1616 1804 quibus
1645 1726 1946 1803 magistris
1992 1726 2086 1785 usi
2117 1730 2303 1799 erant,
2351 1746 2566 1784 memo-

325 1815 473 1875 riam
519 1816 733 1875 merito
778 1816 1106 1876 retinerent
1120 1817 1149 1875 P

498 1904 897 1965 Nihilosecius
927 1904 1245 1965 Wilfridus
1278 1924 1431 1964 anno
1468 1906 1614 1977 669,
1646 1910 1964 1980 postquam
1997 1902 2344 1961 Theodorus
2375 1902 2566 1961 archi⁴

328 1992 641 2070 episcopus
686 1998 879 2052 totam
908 1992 1287 2053 Britanniam
1316 1992 1850 2070 recognoscentiam
1885 1992 2232 2050 circumiens
2264 1990 2566 2051 Geaddam

322 2080 387 2139 in
444 2081 644 2140 sedem
703 2080 1198 2141 Licidfeldensem
1261 2081 1598 2154 transtulit,
1660 2079 2054 2139 Eboracensis
2115 2079 2270 2137 sedis
2329 2078 2567 2157 praesul

31 3399 37 3690 i

31 4127 34 4160 Ι

328 2170 521 2228 factus
567 2176 659 2229 est
702 2171 802 2245 (cf.
847 2169 1097 2247 Bright,
1158 2180 1217 2248 Ρ.
1274 2172 1399 2229 226
1449 2170 1607 2246 sqq.)
1653 2169 1760 2229 sed
1819 2188 1974 2227 anno
2025 2168 2152 2225 678
2199 2168 2417 2226 iterum
2469 2187 2568 2225 ex·

323 2258 529 2334 pulsus
574 2264 667 2317 est
710 2263 774 2317 et
818 2258 1103 2319 dioecesis
1149 2261 1277 2335 ejus
1329 2258 1521 2319 divisa
1565 2258 1630 2317 in
1679 2264 1935 2335 quatuor
1987 2263 2190 2333 partes
2239 2256 2565 2331 (Hexham·

322 2346 691 2420 Lindisfarn,
721 2346 1078 2419 Eboracum,
1104 2346 1563 2423 Sidnaceaster)‚
1601 2347 1814 2423 quibus
1845 2351 1968 2404 tres
2001 2344 2266 2423 episcopi
2296 2344 2456 2420 iique
2482 2374 2566 2391 -ο

326 2434 471 2512 quid
504 2435 761 2494 mirum?
782 2471 855 2480 -—
876 2435 1174 2514 quondam
1204 2436 1425 2496 eruditi
1447 2435 1510 2494 in
1535 2434 1908 2496 monasteriis
1931 2455 1968 2492 a
1992 2432 2184 2494 Scotis
2208 2432 2270 2492 in
2293 2433 2566 2493 Norden·

322 2524 599 2600 hymbria
647 2525 1003 2584 constructis
1047 2525 1378 2603 praepositi
1432 2529 1588 2583 sunt.
1678 2522 1996 2583 Wilfridus
2055 2529 2255 2580 autem
2302 2521 2417 2580 etsi
2463 2521 2567 2578 ad-

316 2615 487 2688 jutus
532 2619 627 2672 est
670 2633 707 2670 a
750 2633 925 2690 papa,
958 2613 1034 2672 ad
1066 2633 1241 2690 quem
1273 2613 1584 2691 appellans
1615 2611 1980 2688 confugerat,
2011 2617 2209 2668 tamen
2241 2609 2568 2687 impetrare

322 2721 441 2760 non
487 2701 691 2779 potuit
705 2745 719 2773 ,
784 2711 854 2760 ut
912 2702 1111 2760 sedem
1154 2707 1550 2779 recuperaret.
1641 2699 1917 2775 Denique
1963 2719 2119 2758 anno
2169 2698 2294 2758 686
2345 2697 2568 2757 auxilio

326 2788 658 2862 Theodori,
720 2806 971 2865 quocum
1016 2791 1081 2848 in
1125 2791 1382 2866 gratiam
1426 2789 1718 2862 redierat,
1763 2787 2156 2848 Eboracensis
2201 2787 2361 2847 illius
2407 2787 2566 2847 dioe-

322 2897 521 2936 ceseos
582 2878 909 2955 partitione
970 2878 1235 2938 minutae
1294 2879 1605 2956 episcopus
1659 2879 1854 2937 factus
1901 2883 2018 2950 est,
2081 2876 2187 2935 sed
2233 2896 2387 2934 anno
2438 2875 2560 2934 691

321 2966 567 3027 tertium
600 2967 881 3044 expulsus
926 2985 1085 3026 anno
1116 2966 1349 3026 demum
1386 2966 1511 3024 705
1546 2965 1766 3024 auxilio
1796 2981 1987 3041 papae
2017 2965 2234 3024 iterum
2279 2983 2342 3022 se
2382 2963 2567 3020 inter-

323 3053 604 3132 ponentis
648 3055 964 3114 restitutus
1010 3060 1103 3114 est
1147 3054 1210 3114 in
1257 3054 1455 3114 sedem
1510 3073 1678 3112 suam
1733 3052 1906 3128 eique
1960 3071 2148 3127 usque
2195 3051 2272 3110 ad
2317 3057 2568 3110 mortem

322 3143 508 3219 (709)
553 3150 845 3221 praeerat.
856 3142 880 3178 ²

502 3231 639 3290 Hae
684 3236 823 3291 sunt
868 3230 1134 3291 Wilfridi
1196 3233 1426 3290 turbae.
1517 3229 1824 3302 Quaenam
1883 3198 2060 3287 erant
2119 3225 2369 3286 causae?
2445 3225 2564 3286 Re·

322 3318 553 3378 vixitne
602 3320 1007 3380 controversia
1050 3319 1347 3398 paschalis
1392 3319 1455 3378 in
1502 3317 1768 3376 Wilfridi
1828 3315 2120 3376 historia?
2189 3321 2258 3374 ut
2319 3315 2432 3374 hac
2491 3314 2566 3373 de

324 3419 503 3467 causa
548 3407 739 3467 Hilda
784 3409 1115 3482 abbatissa,
1178 3428 1330 3486 quae
1386 3409 1453 3469 in
1498 3406 1726 3482 synodo
1771 3425 1807 3464 a
1855 3404 2050 3464 Scotis
2096 3409 2368 3476 steterat,
2427 3423 2569 3462 con·.

321 3496 655 3572 spiceretur
697 3497 859 3556 inter
902 3516 1020 3570 eos,
1066 3497 1171 3573 qui
1212 3497 1443 3556 Romae
1473 3494 1821 3555 wilfridum
1867 3497 2309 3552 accusaverunt.
2371 3492 2564 3551 Vehe-

324 3591 559 3644 menter
606 3591 891 3660 errarent,
938 3586 1043 3663 qui
1070 3586 1183 3645 hoc
1212 3591 1513 3664 putarent.
1572 3584 1728 3645 Nam
1773 3603 1892 3643 una
1931 3601 2064 3641 cum
2094 3581 2281 3640 Hilda
2310 3581 2568 3658 primum

508 3741 530 3772 ²
569 3740 860 3794 Ebrardus
902 3740 949 3792 si
985 3739 1259 3808 Stephani
1285 3738 1461 3793 Eddii
1497 3738 1674 3792 vitam
1709 3738 1967 3808 legisset,
2009 3753 2192 3805 neque
2231 3735 2571 3789 affirmasset

324 3809 660 3864 wilfridum
686 3827 833 3864 anno
853 3810 959 3865 696
991 3814 1277 3863 mortuum
1306 3826 1425 3862 esse
1455 3825 1638 3878 neque
1661 3809 1773 3864 alia
1791 3807 1969 3860 multa
1989 3807 2322 3874 protulisset
2342 3807 2421 3872 (p.
2451 3805 2564 3873 61),

328 3893 473 3950 quae
511 3882 783 3934 historiae
821 3897 1049 3948 prorsus
1096 3885 1434 3949 repugnant.
1512 3879 1628 3933 Sed
1675 3879 1872 3932 dubito
1923 3895 2110 3931 annon
2153 3877 2388 3944 legerit,
2436 3891 2568 3926 nam

323 3970 495 4006 unam
536 3953 716 4005 solam
750 3951 945 4006 inveni
981 3950 1157 4004 Eddii
1203 3951 1550 4004 mentionem
1590 3951 1670 4016 (p.
1712 3948 1842 4013 377)
1882 3952 2117 4015 eamque
2168 3947 2370 4010 talem,
2422 3961 2566 4012 quae

324 4021 587 4076 Ebrardo
624 4023 828 4076 honori
862 4039 977 4075 non
1012 4022 1101 4074 sit.
1153 4019 1387 4075 Frustra
1426 4019 1577 4075 enim
1603 4017 1790 4073 Eddio
1815 4017 1986 4070 fidem
2025 4016 2298 4087 abrogare
2335 4020 2567 4069 conatus

329 4098 417 4147 est
454 4093 741 4148 affirmans
778 4093 1095 4147 Ebroinum
1130 4092 1404 4174 majorem
1449 4091 1648 4144 domus
1685 4091 1969 4142 mortuum
2009 4103 2130 4141 esse
2169 4087 2400 4155 „paullo
2438 4089 2569 4154 post

325 4163 488 4218 673⁴&
543 4161 711 4233 Quod
748 4164 898 4218 unde
936 4161 1191 4216 hauserit
1228 4163 1436 4227 nescio,
1476 4179 1609 4214 nam
1648 4159 1963 4213 Ebroinum
2001 4175 2146 4212 anno
2185 4158 2285 4213 681
2327 4161 2570 4211 mortem

330 4234 537 4289 obiisse
596 4239 817 4288 constat
884 4233 957 4288 cf.
1000 4232 1270 4298 Bonnell‚
1330 4203 1602 4302 An’f'ange
1660 4230 1762 4285 des'
1825 4229 2287 4299 karolingischen
2345 4227 2568 4282 Hauses

324 4321 381 4373 p.
424 4307 527 4360 123
566 4323 646 4373 sq.
