3167 4900
1472 231 1960 287 -104—

590 431 704 487 que
752 410 1163 485 cognovimus,
1210 428 1363 483 quae
1408 410 1489 466 sit
1534 407 1700 468 notio
1748 407 1912 465 vocis
1975 406 2306 477 clientelae,
2368 405 2836 465 luculentissime

568 506 845 576 ,apparet
892 520 965 557 ex
1009 498 1101 569 iis,
1152 518 1303 573 quae
1350 497 1415 555 in
1462 496 1720 573 epistula
1765 496 1870 555 illa
1903 494 2194 555 Columba
2235 494 2529 571 Gregorio
2575 495 2834 571 scripsit,

587 588 940 656 Columbam
987 587 1063 644 ab
1097 586 1369 646 omnibus
1402 585 1632 655 clericis
1669 620 1744 628 —
1782 605 1856 641 ne
1887 584 2238 654 inferiorum
2269 584 2508 659 quidem
2539 584 2837 661 graduum

566 676 815 739 ,clericis
862 676 1125 752 exceptis
1162 708 1239 719 --
1268 675 1618 751 postulasse,
1663 680 1733 732 ut
1781 674 1840 731 in
1889 673 2186 731 caelibatu
2233 673 2517 731 viverent.
2593 672 2834 731 Diserte

586 765 744 823 enim
768 765 917 842 ‚ipse
965 763 1290 823 affirmavit
1335 762 1398 819 in
1444 762 1674 821 clericis
1719 762 2078 821 adulterium
2125 782 2258 819 cum
2303 761 2588 820 uxoribus
2641 795 2714 803 —
2764 769 2835 820 ut

585 854 673 911 ita
719 853 910 911 dicam
956 852 1309 911 necessitate
1356 859 1594 910 coactus
1647 886 1724 895 —
1776 851 1938 927 apud
1985 849 2196 909 Scotos
2239 870 2360 908 non
2406 849 2652 910 minoris
2699 870 2834 909 cen·

590 942 707 1009 seri
752 942 1031 1000 facinoris
1066 961 1243 1017 quam
1276 940 1636 999 adulterium
1682 960 1814 998 cum
1847 940 2045 1016 puella
2077 938 2333 1015 quadam
2355 938 2832 1017 perpetratum.l

765 1030 932 1103 Quae
978 1049 1109 1087 cum
1154 1030 1241 1090 ita
1286 1028 1423 1101 sint,
1472 1049 1590 1105 quo
1637 1027 1867 1087 facilius
1915 1034 2006 1085 est
2046 1028 2288 1100 diluere,
2335 1048 2488 1103 quae
2519 1027 2832 1095 Ebrardus

584 1118 836 1195 protulit
866 1118 943 1176 ad
974 1118 1437 1178 confirmandam
1482 1138 1648 1175 suam
1695 1116 2037 1195 opinionem
2069 1118 2165 1191 (cf.
2189 1115 2464 1191 Loening
2496 1116 2584 1189 II,
2618 1138 2675 1193 p.
2703 1117 2833 1173 428

586 1212 707 1265 not.
746 1208 825 1283 1),
872 1227 941 1265 eo
987 1208 1177 1283 magis
1223 1206 1370 1265 mihi
1414 1213 1755 1283 pertaesum
1801 1211 1892 1265 est
1938 1204 2000 1263 in
2045 1205 2138 1265 his
2185 1206 2366 1265 cassis
2411 1224 2652 1281 operam
2699 1226 2833 1281 per·

584 1296 741 1355 dere.
803 1295 1011 1355 Nostri
1055 1296 1255 1372 potius
1294 1296 1507 1370 judicii
1554 1315 1842 1353 summam
1888 1294 2198 1353 faciamus:
2248 1300 2482 1353 tantum
2529 1295 2718 1363 abest,
2763 1301 2834 1353 ut

584 1385 939 1444 testimoniis
1000 1383 1411 1443 confirmatum
1472 1384 1553 1443 sit
1611 1385 1707 1442 vel
1770 1383 1950 1442 etiam
2011 1382 2346 1443 confirmari
2419 1382 2612 1459 possit
2673 1382 2836 1459 apud

583 1472 796 1533 Scotos
842 1492 975 1531 cum
1029 1473 1093 1531 in
1136 1472 1457 1531 Britannia
1502 1479 1565 1531 et
1611 1472 1906 1531 Hibernia
1966 1478 2094 1529 tum
2155 1473 2216 1531 in
2271 1471 2603 1531 continenti
2663 1471 2832 1529 cleri-

584 1582 789 1621 corum
835 1561 1213 1619 matrimonia
1255 1567 1320 1619 et
1364 1562 1602 1639 saepius
1647 1560 1893 1621 inventa
1947 1562 2068 1619 sint
2125 1568 2186 1619 et
2231 1561 2426 1619 minus
2471 1561 2834 1637 vituperata,

584 1657 655 1709 ut
716 1656 925 1708 contra
984 1650 1163 1720 liceat
1220 1650 1512 1727 suspicari
1575 1650 1737 1726 apud
1795 1649 2029 1722 Scotos,
2098 1655 2312 1727 utpote
2373 1650 2590 1724 quibus
2653 1649 2836 1709 etiam

584 1739 773 1815 magis
820 1758 999 1814 quam
1044 1739 1177 1797 aliis
1222 1739 1351 1799 vita
1404 1739 1824 1797 monachorum
1885 1759 2146 1799 summae
2207 1737 2588 1816 perfectionis
2650 1738 2834 1797 fuerit

582 1826 797 1904 imagO,
845 1833 908 1885 et
950 1828 1207 1887 rariores
1251 1828 1432 1887 fuisse
1480 1828 1740 1899 clericos,
1789 1827 1892 1904 qui
1937 1828 2000 1885 in
2046 1826 2438 1888 matrimoniis
2486 1827 2582 1885 vel
2631 1828 2833 1905 potius

582 1916 647 1975 in
704 1916 1013 1975 adulteriis
1068 1916 1161 1976 vel
1218 1916 1441 1993 stupris
1496 1916 1784 1989 vixerint,
1847 1922 1908 1975 et
1963 1916 2013 1974 si
2058 1917 2310 1989 fuerint,
2370 1914 2564 1977 rarius
2611 1936 2833 1993 poenas

582 2004 885 2081 effugisse,
948 2026 1125 2080 quam
1186 2006 1249 2063 in
1313 2005 1447 2064 aliis
1506 2005 1786 2063 ecclesiae
1847 2006 2118 2083 partibus
2180 2005 2452 2083 inprimis
2511 2006 2570 2063 in
2630 2002 2833 2062 Gallia

584 2095 683 2168 (cf.
730 2114 911 2170 supra
957 2116 1013 2171 p.
1064 2095 1193 2169 82).

762 2182 971 2241 Soluta
1017 2182 1203 2257 igitur
1248 2182 1445 2259 priore
1492 2201 1696 2241 earum
1745 2182 2184 2259 quaestionum,
2247 2201 2394 2259 quas
2455 2202 2636 2259 supra
2692 2202 2831 2259 pro·

581 2290 909 2346 posueram,
956 2290 1111 2328 nuno
1152 2271 1229 2329 ad
1260 2271 1507 2328 alteram
1540 2270 1848 2329 venientes
1880 2290 2253 2346 quaeramus,
2297 2291 2438 2329 num
2484 2271 2604 2329 alia
2649 2272 2834 2332 fuerit

580 2358 745 2435 apud
776 2358 1099 2417 Columbae
1144 2360 1334 2417 socios
1365 2358 1493 2417 vita
1536 2359 1882 2417 monachica
1927 2366 2107 2437 atque
2153 2360 2216 2417 in
2261 2360 2539 2418 universa
2586 2360 2830 2419 ecclesia

580 2456 645 2507 et
692 2449 837 2524 quid
882 2447 957 2506 de
1002 2449 1421 2518 monachorum
1469 2447 1598 2508 vita
1642 2449 1770 2526 ipse
1817 2450 2098 2510 statuerit
2142 2449 2448 2516 Columba.

757 2537 894 2595 Hoc
939 2538 1180 2596 tandem
1237 2539 1366 2596 loco
1421 2537 1790 2596 inveniemus
1850 2539 2135 2596 nonnulla
2181 2537 2496 2598 Scotorum
2556 2538 2829 2615 propria3

580 2623 895 2686 Scotorum
940 2625 1098 2698 dico,
1162 2647 1279 2685 non
1334 2626 1509 2684 unius
1556 2625 1906 2699 Columbae,
1968 2647 2106 2688 nam
2163 2647 2297 2684 cum
2346 2625 2638 2686 Columba
2693 2647 2831 2686 con·

560 2713 823 2780 ,fiteatur
869 2735 930 2772 se
976 2733 1229 2815 suosque
1273 2735 1405 2776 cum
1452 2733 1698 2774 suorum
1740 2711 1956 2794 reyuhk
2000 2734 2236 2776 manere
2279 2713 2572 2779 senionem
2620 2717 2736 2792 (ep.
2775 2718 2830 2788 1,

562 2823 639 2878 ‚p.
689 2802 774 2858 24
815 2801 920 2878 F),
991 2803 1214 2876 omnia,
1285 2823 1437 2879 quae
1497 2804 1658 2879 apud
1721 2803 2072 2862 Columbam
2131 2804 2544 2876 inveniuntur,
2613 2803 2829 2866 similia

580 2889 761 2950 fuisse
806 2889 871 2948 in
916 2890 1213 2950 Hibernia
1258 2891 1545 2967 neglectis
1591 2891 1854 2950 Ebrardi
1898 2893 2100 2952 verbis
2147 2895 2230 2970 (p.
2277 2893 2400 2951 153
2448 2898 2575 2950 not.
2624 2893 2708 2952 64
2751 2893 2827 2952 cf.

580 3000 638 3055 p.
692 2980 834 3051 147,
882 2984 1004 3036 not.
1054 2979 1162 3055 57)
1210 2979 1628 3056 suspicandum
1677 2987 1783 3041 est.
1873 2981 2100 3040 Eorum
2148 2982 2386 3057 quidem
2433 2981 2664 3058 opinio,
2723 2983 2830 3058 qui

579 3072 650 3124 ut
706 3067 1015 3126 Ebrardus
1074 3074 1291 3144 putant
1350 3069 1510 3147 apud
1572 3069 1784 3129 Scotos
1859 3071 2096 3129 omnino
2166 3069 2353 3129 vitam
2423 3070 2830 3128 monachicam

578 3175 821 3234 prorsus
852 3153 1031 3215 aliam
1061 3158 1243 3216 fuisse
1274 3161 1456 3234 atque
1488 3157 1650 3231 alibi,
1699 3179 2022 3234 numquam
2063 3158 2298 3218 facilius
2329 3158 2578 3217 refutari
2608 3165 2830 3236 potest,

578 3265 757 3322 quam
802 3245 913 3304 hoc
958 3245 1089 3324 ipso
1124 3245 1434 3322 '1000‚‚ubi
1478 3247 1553 3306 de
1586 3246 1876 3307 Columba
1921 3248 2133 3324 agitur.
2198 3248 2375 3322 Quod
2403 3255 2472 3306 ut
2503 3247 2828 3320 videamuS,

561 3339 759 3391 antea
802 3335 980 3393 liceat
1026 3355 1334 3410 quaerere,
1396 3336 1553 3393 unde
1612 3337 1880 3412 profecta
1939 3337 2020 3396 sit
2063 3337 2191 3396 vita
2235 3335 2595 3394 monachica.
2689 3335 2825 3408 Sed,

578 3441 653 3478 ne
699 3422 759 3478 in
794 3422 1155 3500 Aegyptum
1202 3425 1452 3482 lectores
1498 3423 1809 3497 deducam,
1856 3424 2065 3484 timere
2113 3445 2260 3503 opus
2305 3445 2425 3484 non
2473 3431 2580 3482 est.
2671 3424 2827 3483 Nam

576 3509 683 3568 v-ix
726 3510 788 3566 in
836 3509 1255 3590 Aegyptorum
1302 3513 1467 3572 cu'ltu
1514 3533 1583 3572 ac
1628 3513 1917 3590 religione
1961 3514 2348 3572 'monachatus
2393 3512 2692 3590 principia
2735 3512 2826 3570 in-

576 3597 771 3656 veniri
826 3619 1000 3674 posse
1060 3605 1237 3678 pute,
1303 3601 1379 3660 ab
1440 3602 1573 3679 ipsa
1631 3599 1831 3679 potius
1891 3601 2008 3661 fide
2069 3601 2392 3662 christiana
2455 3622 2644 3677 eaque
2708 3622 2828 3662 non

564 3690 739 3744 recte
770 3685 1075 3748 intellecta
1105 3690 1271 3766 origo
1304 3689 1462 3748 vitae
1492 3689 1870 3748 monachicae
1895 3691 2238 3768 ‚repetenda
2269 3697 2362 3750 est
2391 3692 2488 3766 (cf.
2519 3690 2824 3762 Harnack,

577 3769 715 3834 Das
758 3771 1159 3835 Menchtkum.
1200 3813 1285 3822 —
1316 3774 1471 3838 Eine
1516 3775 1872 3838 kirchemist.
1922 3773 2254 3860 Vorleeuny.
2317 3782 2374 3838 2.
2418 3775 2584 3860 Aust.
2636 3773 2858 3836 188ss

574 3885 634 3942 p.
676 3865 717 3922 8
760 3867 931 3942 sqq.).
1026 3866 1379 3948 Quicunque
1426 3868 1582 3925 enim
1630 3867 2054 3946 detorquentes
2109 3869 2173 3926 in
2218 3888 2453 3928 sensum
2497 3867 2824 3946 physicum,

582 4038 861 4092 Columba
908 4039 1221 4106 repetenda
1270 4057 1389 4102 esse
1440 4041 1686 4094 videtur.
1761 4041 2040 4094 Attamen
2100 4041 2300 4095 melius
2349 4044 2437 4092 est
2482 4039 2824 4096 testimoniis

577 4108 829 4173 incertis,
871 4111 1075 4164 saltem
1112 4109 1298 4164 dubiis
1336 4129 1451 4164 non
1490 4112 1592 4165 uti.

724 4181 745 4212 ²
782 4180 853 4233 In
891 4181 1037 4233 hanc
1078 4181 1228 4233 enim
1266 4183 1607 4237 sententiam
1632 4181 1806 4236 verba
1844 4182 1948 4235 illa
1983 4199 2092 4236 non
2126 4181 2357 4236 minoris
2382 4186 2478 4236 etc.
2507 4182 2662 4236 dicta
2699 4197 2822 4235 esse

581 4251 944 4305 manifestum
998 4256 1083 4304 est
1131 4269 1201 4304 ex
1250 4251 1395 4307 libro
1445 4253 1515 4306 de
1566 4252 2046 4320 poenitentiarum
2097 4269 2372 4306 mensura.
2451 4253 2654 4322 Itaque
2693 4269 2822 4321 per-

576 4337 771 4388 peram
809 4322 1191 4390 suppleretur:
1230 4340 1397 4390 quam
1431 4325 1579 4392 apud
1615 4326 1818 4378 vestros
1855 4323 2164 4394 magistros,
