3167 4900
1190 270 1278 282 -
1370 205 1635 296 41¹.-

297 421 351 476 et
395 414 473 472 ad
518 413 743 473 insulas
789 414 970 474 maris
1015 413 1312 492 Tyrrheni
1366 416 1633 493 profecto
1696 417 1794 491 (cf.
1819 415 2146 490 Windisch,
2192 440 2247 495 p.
2286 418 2366 477 10
2398 419 2529 496 sq.).

296 507 458 579 Quae
501 503 799 562 sententia
829 504 879 562 si
910 525 1052 563 vera
1086 511 1255 577 esset,
1303 505 1470 564 Fieci
1499 505 1751 581 hymnus
1783 504 2101 565 Tirechani
2130 513 2327 568 aetate
2357 509 2531 586 longe

292 593 583 652 vetustior
642 598 798 652 esset
857 593 1162 652 habendus
1179 639 1193 667 ,
1255 614 1448 672 neque
1511 594 1803 670 quomodo
1865 596 2099 654 fabulae
2160 597 2233 655 de
2278 596 2531 657 Patricii

290 683 504 742 itinere
561 681 831 740 Romano
892 687 1056 741 ortae
1119 690 1341 756 essent,
1404 684 1658 762 amplius
1719 685 2031 743 obscurum
2060 698 2065 706 ‘
2092 691 2247 745 esset
2306 721 2393 731 —
2455 687 2529 746 iis

290 771 594 844 videlicet,
663 771 764 847 qui
831 792 866 830 a
925 771 1121 831 verbis
1181 793 1301 831 non
1359 779 1520 832 recte
1578 773 1901 834 intellectis
1960 775 2199 833 fabulae
2258 776 2530 835 omnibus

288 861 630 938 passeribus
677 865 854 918 notae
901 861 1188 938 originem
1234 862 1427 938 repeti
1470 881 1645 939 posse
1690 869 1923 940 putent.
2013 862 2133 923 Sed
2176 864 2315 922 licet
2359 865 2529 923 dubi-

291 958 435 1024 tare,
472 969 682 1008 *annon
729 950 1100 1026 grammatici
1144 950 1233 1009 illi
1270 986 1344 994 -
1383 957 1452 1010 ut
1496 958 1728 1010 taceam
1775 952 1847 1011 de
1878 952 2251 1012 Bollandista
2290 987 2364 996 ——
2399 974 2529 1013 ver-

288 1041 499 1098 borum
559 1041 880 1097 formarum
943 1045 1005 1098 et
1063 1045 1398 1099 structurae
1457 1040 1805 1116 diligentius
1832 1042 2152 1124 ‘rationem
2196 1043 2530 1115 habuerint,

291 1149 468 1205 quam
531 1127 1006 1186 testimoniorum
1067 1128 1350 1188 historiae
1403 1129 1680 1207 inprimis
1735 1129 1876 1188 libri
1921 1128 2348 1190 Ardmachani.
2438 1131 2531 1192 Ne

289 1224 487 1277 autem
519 1217 646 1276 vice
693 1238 861 1276 versa
906 1217 1217 1276 historicos
1263 1219 1578 1277 verborum
1626 1219 1847 1278 formas
1878 1220 2203 1296 neglexisse
2232 1220 2530 1297 quispiam

288 1306 472 1378 dicat,
533 1306 816 1383 primum,
879 1325 1019 1364 num
1073 1306 1460 1383 grammatica
1515 1328 1612 1366 ars
1670 1307 1817 1366 certi
1870 1308 2098 1385 aliquid
2144 1309 2217 1366 de
2263 1309 2531 1368 versibus

291 1395 410 1454 illis
457 1396 794 1473 protulerit,
845 1415 1209 1472 quaeramus.
1283 1397 1420 1457 Non
1465 1397 1736 1474 protulit.
1812 1396 1967 1457 Nam
2013 1418 2131 1456 non
2176 1399 2363 1456 solum
2396 1397 2530 1456 Sto-

287 1485 503 1557 kesius,
550 1484 644 1544 vir
673 1484 1017 1543 Hibernicis
1063 1485 1279 1544 litteris
1326 1493 1565 1562 praeter
1612 1492 1839 1545 ceteros
1868 1486 2051 1546 'docte
2082 1486 2365 1560 eruditus,
2410 1504 2531 1544 una

290 1593 421 1632 cum
467 1579 668 1632 vetere
716 1573 991 1632 carminis
1039 1574 1400 1652 explicator-e
1447 1576 1545 1649 (cf.
1594 1575 1923 1647 Windisch,
1969 1575 2051 1633 Ir.
2086 1576 2275 1635 Texte
2320 1596 2377 1653 p.
2425 1577 2529 1652 19)

286 1663 347 1720 in
396 1662 576 1733 aliam
616 1662 970 1721 sententiam
1001 1663 1229 1739 accepit
1259 1663 1537 1722 carminis
1568 1683 1791 1736 versus,
1837 1670 1907 1723 ut
1934 1664 2070 1740 ipsi,
2119 1666 2321 1742 quales
2352 1685 2531 1742 supra

286 1757 526 1810 exstant
586 1751 852 1810 conversi
915 1753 990 1810 ab
1050 1752 1180 1825 illo,
1241 1752 1676 1825 demonstrant,
1737 1752 1841 1811 sed
1886 1753 2065 1812 etiam
2111 1753 2530 1826 Windischius,

287 1839 562 1900 Stokesio
595 1839 803 1898 iisdem
836 1841 1048 1899 studiis
1081 1841 1334 1900 sociatus
1377 1847 1438 1900 et
1484 1841 1687 1900 eadem
1734 1841 1905 1900 laude
1951 1842 2278 1915 sociandus,
2326 1862 2528 1919 quam-

285 1930 374 1989 vis
421 1929 551 2012 ipse
595 1929 814 1987 Leonis
855 1930 1337 2007 interpretationi
1382 1932 1599 2003 faveat,
1645 1937 1845 1989 tamen
1892 1931 2138 1989 alteram
2183 1931 2346 1989 illam
2378 1951 2529 1988 com-

285 2019 451 2077 muni
498 2020 816 2078 verborum
863 2020 1012 2077 mori
1055 2039 1389 2096 repugnare
1421 2040 1494 2078 ne
1526 2039 1645 2077 uno
1679 2020 1916 2097 quidem
1948 2021 2131 2078 verbo
2164 2019 2379 2092 docuit,
2429 2019 2531 2078 sed

286 2108 434 2167 duas
481 2107 638 2166 alias·
674 2107 880 2167 attulit
928 2128 1150 2181 causas,
1198 2128 1375 2168 unam
1405 2109 1861 2186 geographicam
1893 2109 2138 2168 alteram
2168 2109 2529 2181 historicam,

287 2217 466 2274 quae,
516 2196 627 2256 etsi
673 2197 822 2256 levis
869 2203 958 2256 est
1003 2204 1242 2269 neutra,
1306 2203 1499 2258 tamen
1543 2185 1670 2256 rem
1717 2198 2051 2276 disceptare
2097 2219 2219 2258 non
2261 2205 2528 2276 possunt.

219 2280 222 2282 ’
466 2286 689 2345 Levius
746 2292 837 2344 est
893 2293 1309 2363 argumentum
1364 2286 1514 2345 illud
1574 2287 2063 2365 geographicum‚
2134 2289 2292 2364 quod
2352 2288 2529 2347 mira-

286 2375 468 2434 bilius
517 2375 739 2434 dictum
788 2382 943 2434 esset
987 2375 1232 2435 Latium
1277 2377 1665 2435 meridionale
1721 2397 1828 2458 pro
1883 2378 2030 2436 urbe
2076 2376 2284 2435 Roma.
2375 2378 2530 2438 Nam

289 2466 422 2543 quis
473 2465 626 2524 dixit
672 2465 820 2523 illud
850 2465 1095 2524 Latium
1140 2466 1526 2525 meridionale
1569 2465 2035 2543 intellegendum
2082 2486 2205 2526 esse
2236 2466 2529 2526 Romam?

288 2555 480 2613 Immo
527 2574 638 2631 pro
687 2553 904 2626 „Italia
952 2559 1118 2613 tota“
1166 2554 1389 2614 dictum
1435 2561 1542 2614 est.
1638 2555 1811 2627 Quod
1855 2556 2048 2632 ipsum
2094 2554 2529 2614 Windischium

287 2664 405 2703 non
460 2643 733 2720 fugisset,
805 2644 918 2702 nisi
979 2644 1248 2720 neglecto
1313 2644 1466 2702 libro
1526 2641 1949 2703 Ardmaehano
2014 2644 2269 2704 solarum
2330 2650 2525 2722 poste-

285 2734 508 2793 riorum
556 2733 815 2792 vitarum
861 2733 1132 2810 inprimis
1175 2734 1222 2793 J
1223 2733 1433 2792 ocelini
1477 2732 1770 2792 rationem
1816 2733 2135 2793 habuisset.

467 2820 727 2882 Gravius
784 2827 875 2880 est
929 2823 1183 2881 alterum
1235 2822 1386 2881 illud
1445 2822 1819 2897 historicum,
1890 2822 2049 2898 quod
2095 2842 2130 2880 a
2176 2823 2353 2881 nullis
2400 2822 2531 2882 aliis

285 2912 401 2971 nisi
463 2912 539 2970 ab
600 2911 698 2983 iis,
761 2912 863 2986 qui
909 2910 1074 2969 Fieci
1134 2912 1390 2971 carmine
1437 2912 1738 2984 nituntur,
1809 2917 2156 2971 narraretur
2200 2911 2530 2971 Patricium

285 3001 346 3059 in
408 3000 619 3059 insulis
688 3000 866 3058 maris
937 3000 1231 3077 Tyrrheni
1303 3000 1589 3059 Germani
1666 3000 2085 3060 consuetudine
2154 3020 2324 3059 usum
2386 3020 2531 3059 esse.

287 3089 517 3148 Tamen
563 3090 674 3148 hoc
721 3096 1134 3165 argumentum
1179 3089 1456 3148 idoneum
1504 3109 1624 3147 non
1671 3095 1789 3161 est,
1853 3089 2011 3165 quod
2056 3108 2180 3147 rem
2227 3088 2528 3165 dijudicet.

292 3179 453 3253 Quid
502 3178 698 3236 enim?
744 3179 793 3237 si
839 3184 1016 3255 poeta
1064 3178 1209 3236 duas
1256 3177 1645 3251 narrationes,
1693 3198 1868 3236 unam
1916 3178 2166 3237 similem
2212 3178 2531 3236 Tirechani

286 3267 590 3326 narrantis
634 3266 964 3325 Patricium
1008 3266 1072 3326 in
1116 3282 1260 3325 una·
1283 3288 1353 3324 ex
1398 3266 1613 3329 insulis
1658 3267 1837 3325 maris
1886 3265 2180 3343 Tyrrheni
2230 3268 2311 3326 30
2344 3285 2529 3326 annos

286 3363 710 3415 commoratum
759 3376 882 3415 esse
931 3356 1210 3431 (Betham
1251 3355 1322 3414 II
1354 3376 1487 3434 app.
1534 3379 1594 3435 p.
1635 3355 1830 3433 XIX)
1876 3362 1937 3414 et
1983 3356 2229 3415 alteram
2278 3355 2529 3416 similem

285 3465 488 3503 eorum
536 3446 772 3517 fabulis,
823 3445 926 3521 qui
971 3444 1302 3505 Patricium
1352 3446 1433 3504 30
1483 3466 1669 3504 annos
1715 3465 1847 3503 cum
1894 3443 2193 3504 Germano
2239 3446 2420 3505 fuisse
2465 3445 2529 3504 in

287 3528 488 3593 Gallia
537 3534 647 3609 (ita
693 3533 858 3610 Golg.
905 3533 1000 3606 II,
1064 3535 1134 3593 cf.
1183 3534 1440 3607 Schoell,
1504 3533 1747 3611 Herzog
1791 3534 1868 3593 R.
1914 3534 1985 3592 E.
2039 3535 2137 3607 ll,
2184 3556 2242 3612 p.
2292 3536 2417 3593 207
2469 3541 2531 3593 et

284 3624 537 3683 fortasse
591 3627 715 3699 jam
777 3622 1049 3681 Muirchu
1109 3625 1179 3682 cf.
1235 3623 1491 3683 Betham
1538 3622 1609 3681 Π
1655 3644 1789 3701 app.
1835 3645 1894 3700 p.
1942 3622 2139 3683 XVII
2186 3644 2317 3682 cum
2362 3646 2420 3702 p.
2468 3623 2528 3701 I)

284 3713 573 3785 referunt,
636 3713 724 3771 ita
779 3712 1111 3787 conjunxit,
1176 3719 1246 3772 ut
1305 3713 1564 3771 medium
1612 3713 1894 3787 quiddam
1940 3718 2141 3771 tenere
2186 3712 2527 3773 videretur?

283 3794 502 3879 Itaque
547 3798 634 3859 nil
680 3802 904 3873 obstat,
951 3801 1263 3877 quominus
1311 3801 1442 3861 aliis
1490 3802 1681 3861 causis
1725 3802 1915 3878 iisque
1962 3802 2328 3879 gravissimis
2374 3822 2527 3861 com-

284 3891 434 3949 moti
471 3890 835 3950 ·Windischii
887 3890 1444 3967 interpretationem
1489 3891 1843 3967 rejiciamus,

465 3979 630 4039 Luce
677 3979 830 4038 enim
855 3980 1092 4058 ¹clarius
1141 3988 1231 4040 est
1275 3985 1543 4057 poetam,
1594 4000 1726 4037 cum
1773 3979 1998 4038 diceret
2043 4000 2137 4052 ea,
2204 3999 2355 4056 quae
2400 3979 2528 4056 ipse

284 4068 358 4126 de
404 4067 657 4127 Patricii
701 4069 1016 4129 itineribus
1063 4070 1456 4142 narravisset,
1505 4068 1709 4126 eadem
1756 4087 1909 4139 esse,
1962 4088 2111 4144 quae
2158 4068 2382 4147 scripta
2428 4067 2527 4126 de·

285 4158 587 4216 clararent
634 4158 776 4234 (vid.
825 4161 1058 4236 supra),
1129 4178 1480 4236 provocasse
1526 4156 1603 4214 ad
1650 4155 1853 4215 eadem
1900 4156 2031 4234 ipsa
2076 4156 2300 4234 scripta
2346 4163 2527 4233 atque

286 4246 684 4305 Tirechanum
729 4248 925 4307 verbis
968 4248 1088 4306 illis
1135 4267 1314 4324 supra
1353 4250 1480 4321 ¹jam
1524 4245 1997 4305 commemoratis
2041 4245 2225 4305 hisce:
2286 4244 2524 4327 naviya-

283 4334 364 4394 vit
412 4379 424 4393 .
457 4380 470 4393 .
505 4380 518 4393 .
556 4355 672 4418 per
720 4330 947 4396 Gallias
992 4345 1162 4419 atque
1218 4331 1457 4394 Italiam
1513 4342 1697 4394 totam
1749 4343 1919 4417 atque
1971 4333 2035 4393 in
2087 4331 2285 4395 ineolis
2300 4376 2317 4407 ,
2380 4354 2529 4416 quae
