3167 4900
429 1323 834 1413 Bonifatium,
893 1335 1250 1398 Germaniae
1296 1341 1657 1418 apostolum,
1712 1339 2061 1417 pontificum
2106 1338 2508 1398 Romanorum

270 1433 566 1508 legatum,
614 1429 1016 1506 prohibuisse,
1065 1428 1378 1505 quominus
1425 1429 1488 1486 in
1534 1427 1858 1487 Germania
1904 1429 2146 1488 ecclesia
2192 1430 2509 1489 constitue·

270 1525 456 1592 retur,
502 1539 653 1594 quae
683 1523 918 1576 tantum
948 1518 1042 1577 sui
1071 1518 1280 1576 similis
1314 1525 1483 1592 esset,
1529 1537 1605 1576 ne
1636 1517 1679 1575 ii
1710 1518 1948 1594 quidem
1978 1524 2229 1596 possunt
2274 1538 2510 1595 negare,

272 1608 376 1686 qui
416 1611 551 1682 jure
597 1607 897 1665 affirmant
945 1607 1248 1670 ecclesiam
1303 1608 1548 1666 liberam
1596 1606 1964 1684 temporibus
2012 1607 2190 1666 medii
2234 1607 2365 1666 aevi
2410 1627 2511 1664 ne-

273 1717 389 1774 que
431 1696 494 1752 in
527 1693 849 1754 Germania
879 1714 1070 1771 neque
1103 1695 1246 1754 alibi
1290 1696 1552 1773 potuisse
1602 1696 1899 1754 exsistere.
1989 1695 2141 1756 Nam
2188 1697 2347 1754 inter
2390 1716 2510 1753 om-

271 1805 377 1844 nes
419 1787 651 1844 constat
679 1784 1050 1842 Bonifatium
1096 1791 1174 1858 et,
1222 1785 1324 1859 qui
1370 1803 1515 1862 opus
1563 1787 1691 1858 ejus
1739 1784 1986 1860 excepit,
2034 1784 2313 1843 Carolum
2346 1785 2510 1859 Mag·

269 1895 414 1932 num
459 1873 844 1932 fundamenta
885 1872 1098 1948 jecisse
1145 1872 1422 1931 ecclesiae
1468 1873 1628 1930 illius
1674 1873 2298 1945 romano-catholicae,
2362 1892 2513 1948 quae

271 1983 460 2040 usque
505 1961 582 2019 ad
627 1967 896 2040 tempora
941 1961 1196 2020 Lutheri
1255 1961 1318 2020 in
1365 1959 1689 2020 Germania
1746 1961 2091 2039 perduravit
2150 1963 2511 2020 inconcussa.

273 2052 408 2125 Qua
455 2051 526 2108 de
574 2069 752 2110 causa
783 2052 856 2110 de
885 2050 1192 2109 Bonifatio
1239 2057 1398 2109 recte
1443 2071 1562 2109 non
1603 2049 1960 2126 judicabunt
2005 2051 2137 2124 nisi,
2186 2051 2290 2128 qui
2335 2069 2512 2127 quae·

272 2139 498 2212 sierint,
547 2140 650 2215 qui
695 2140 882 2198 fuerit
924 2139 988 2196 in
1020 2137 1343 2198 Germania
1390 2139 1667 2198 ecclesiae
1714 2145 1921 2212 status,
1970 2145 2288 2216 antequam
2332 2139 2513 2196 Boni-

274 2229 458 2288 fatius
507 2228 871 2287 adventavit.
962 2227 1180 2304 Itaque
1227 2249 1358 2286 cum
1404 2227 1466 2287 in
1499 2227 1823 2287 Germania
1870 2234 2009 2287 ante
2039 2228 2410 2287 Bonifatium
2457 2233 2518 2285 et

273 2317 420 2395 ipsis
451 2317 746 2376 Bonifatii
775 2315 1146 2395 temporibus
1177 2315 1384 2376 Scotos
1415 2317 1815 2394 Britonesque
1846 2317 2293 2394 peregrinantes
2340 2337 2516 2376 evan-

274 2406 495 2484 gelium
528 2406 896 2483 praedicasse
929 2411 1176 2480 constet,
1223 2405 1312 2480 iis,
1362 2426 1612 2484 quorum
1642 2405 1893 2466 interest
1932 2406 2057 2465 sine
2103 2406 2236 2465 odio
2285 2411 2347 2465 et
2392 2405 2517 2465 sine

277 2494 505 2555 invidia
551 2494 624 2553 de
669 2495 974 2554 Bonifatio
1014 2495 1302 2570 judicare,
1350 2502 1488 2555 ante
1533 2496 1733 2554 omnia
1779 2496 2179 2572 quaerendum
2227 2500 2332 2567 est,
2380 2494 2517 2552 Bri-

273 2591 481 2644 tonum
527 2582 958 2661 Scotorumque
1004 2584 1284 2642 ecclesiae
1329 2584 1532 2659 quales
1586 2584 1811 2642 fuerint
1865 2604 2057 2643 mores
2078 2629 2092 2657 ,
2156 2603 2307 2660 quae
2362 2583 2517 2661 ratio

278 2671 557 2731 credendi
601 2677 664 2731 et
707 2672 968 2733 vivendi.
1529 2716 1537 2726 .
1769 2669 1775 2677 “

453 2760 606 2819 Eam
650 2760 841 2839 ipsam
887 2760 962 2819 ob
1011 2781 1242 2820 causam
1284 2764 1410 2837 jam
1441 2760 1831 2837 Rettbergius
1878 2760 1951 2818 de
1982 2760 2289 2820 Bonifatio
2337 2760 2519 2819 verba

279 2852 543 2909 dicturus
603 2870 796 2927 pauca
853 2850 926 2907 de
988 2850 1308 2908 Britonum
1381 2850 1623 2909 ecclesia
1700 2849 1979 2909 disseruit
2040 2844 2515 2929 (Kirclzenqesch.

276 2934 710 3002 Deutschlands
753 2937 806 3011 I,
836 2958 894 3017 p.
931 2938 1324 3015 317—324).
1415 2938 1500 2998 Et
1561 2939 1721 3014 quod
1780 2944 1925 2997 tunc
1970 2938 2256 3016 temporis
2304 2956 2518 3015 oppor-

277 3034 489 3086 tunum
535 3032 694 3099 erat,
755 3026 932 3085 hodie
977 3026 1371 3085 necessarium
1419 3046 1544 3085 esse
1592 3024 1761 3085 nemo
1806 3026 2137 3102 ignorabit,
2201 3026 2303 3103 qui
2362 3026 2518 3083 forte

277 3114 524 3192 legerit,
587 3134 740 3191 quae
798 3114 1107 3174 Ebrardus
1161 3115 1416 3192 vestigia
1477 3134 1727 3191 sequens
1775 3114 2002 3172 Heberi
2057 3109 2200 3189 (Die
2242 3111 2517 3172 vorkaro-

221 3274 224 3277 ἢ
281 3199 593 3283 linyischen
643 3198 1146 3263 Glaubemlzelden
1189 3222 1289 3261 am
1335 3198 1546 3261 Rhein.
1600 3204 1771 3279 1858)
1819 3202 1891 3260 de
1936 3201 2252 3260 Britonum
2310 3198 2517 3259 Scoto-

279 3312 528 3367 rumque
560 3292 801 3351 ecclesia
831 3292 893 3349 in
938 3293 1126 3351 lucem
1172 3291 1426 3369 protulit
1467 3291 1748 3369 (primum
1780 3290 1841 3348 in
1872 3290 2157 3351 Niedneri
2189 3285 2521 3372 Zeitschmfc

267 3378 380 3462 far
418 3379 477 3439 d.
511 3378 708 3441 histor.
750 3377 946 3441 leeol.
998 3383 1146 3443 1862
1193 3388 1245 3439 et
1293 3382 1443 3441 1863
1489 3386 1550 3439 et
1596 3380 1788 3439 denuo
1834 3379 1897 3437 in
1942 3379 2114 3451 libre,
2164 3378 2266 3455 qui
2311 3378 2519 3437 inscri-

279 3468 444 3527 bitur
487 3464 608 3527 Die
650 3464 1070 3530 irosckottische
1089 3464 1589 3529 *mss-imkirohe.
1638 3471 1831 3545 1873).
1923 3468 2171 3541 Qualem
2218 3468 2291 3525 de
2337 3466 2521 3525 Boni-

279 3557 428 3615 fatio
475 3556 784 3617 Ebrardus
829 3558 1036 3616 tulerit
1081 3556 1434 3617 sententiam
1453 3602 1467 3630 ,
1515 3557 1735 3615 nemini
1782 3556 2061 3615 credibile
2107 3556 2223 3615 erit
2268 3556 2382 3614 nisi
2427 3556 2519 3627 iis,

284 3644 386 3723 qui
431 3646 618 3704 oculis
664 3666 814 3722 quae
859 3646 1166 3705 Ebrardus
1214 3648 1296 3723 (p.
1331 3646 1486 3723 454)
1533 3646 1773 3723 scripsit
1816 3646 2214 3724 inspexerint:
2276 3644 2521 3703 Bonifa-

281 3734 449 3807 tium,
498 3734 667 3811 regni
698 3734 921 3793 Christi
964 3734 1286 3808 inimicum,
1334 3754 1567 3794 servum
1600 3735 1993 3807 tenebrarum,
2040 3735 2327 3810 longaevo
2360 3732 2521 3792 vitae

283 3842 422 3881 suae
468 3829 734 3901 tempore
777 3824 864 3881 in*
888 3823 1244 3883 destruendo
1291 3844 1472 3900 regno
1521 3822 1748 3882 Christi
1791 3828 2033 3901 peracto
2080 3822 2291 3880 merito
2336 3822 2523 3880 inter·

283 3912 505 3969 fectum
551 3930 678 3970 esse
724 3932 760 3970 a
805 3912 1078 3989 paganiS,
1127 3910 1352 3989 quippe
1398 3912 1501 3989 qui
1545 3910 1769 3989 pagani
1810 3931 1929 3969 non
1973 3914 2097 3987 jam
2143 3911 2422 3983 fuissent,
2472 3912 2522 3970 si

241 4040 246 4045 -
284 3999 385 4057 ille
427 4020 636 4059 revera
681 4000 912 4074 fuisset,
975 3998 1080 4076 qui
1123 4000 1492 4073 nominatur,
1543 3999 1897 4058 Germaniae
1942 4000 2263 4077 apostolus
2356 3998 2521 4073 Quae

285 4088 614 4161 sententia,
677 4089 790 4147 etsi
834 4109 951 4147 non
997 4109 1152 4147 nova
1197 4094 1290 4147 est
1335 4124 1424 4133 -—-
1452 4083 1916 4147 'Centuriatores
1964 4086 2119 4146 enim
2165 4086 2522 4164 Magdebur-

283 4196 494 4251 genses
516 4176 706 4236 simile
722 4177 1014 4252 judicium
1044 4178 1310 4236 fecerunt
1333 4211 1430 4250 —,
1463 4182 1663 4236 tamen
1694 4198 1848 4237 nova
1880 4176 2125 4235 audacia
2156 4176 2231 4234 ab
2246 4175 2521 4245 Ebrardo

285 4266 520 4341 prolata
565 4270 674 4323 est.
762 4266 1157 4326 Nihilosecius
1209 4264 1677 4323 commenticiam
1718 4286 1847 4325 eam
1895 4285 2019 4324 esse
2066 4265 2153 4322 ita
2199 4264 2521 4322 dilucidum

285 4360 394 4427 est,
438 4360 510 4413 ut
555 4354 660 4429 qui
703 4355 902 4431 paullo
949 4360 1085 4431 post
1131 4354 1204 4410 de
1249 4352 1551 4412 Bonifatio
1601 4354 1896 4428 disseruit,
1942 4354 2259 4412 Muellerus
2306 4350 2521 4427 (Boni-

2065 4456 2095 4507 1
