3167 4900
1215 269 1648 327 —47-

309 454 610 526 putarent.
704 449 872 521 Quae
929 469 1060 506 cum
1115 447 1202 508 ita
1256 448 1400 520 sint,
1461 449 1713 508 fortasse
1770 449 1979 508 melius
2034 449 2105 507 de
2162 449 2255 508 his
2300 443 2553 508 Patricii

308 538 546 615 scriptis
597 537 856 612 judicari
911 538 1160 615 poterit,
1223 536 1272 594 si
1330 536 1544 614 Angli,
1609 538 1712 614 qui
1756 559 1882 596 rem
1930 541 2055 614 jam
2102 538 2367 615 aggressi
2414 544 2552 597 sunt

309 623 680 711 (Eacsz'miles
726 624 802 707 of
831 622 1095 685 national
1125 620 1313 684 MSS.
1347 624 1420 705 of
1454 623 1703 685 Ireland
1747 628 1835 687 ed.
1866 627 1949 703 by
1978 625 2233 700 Gilbert,
2280 661 2355 671 ——-
2406 647 2551 704 quos

309 718 492 775 libros
541 715 789 793 adipisci
836 736 954 773 non
999 715 1213 792 potui),
1261 717 1333 772 de
1380 715 1526 792 ipsis
1564 716 1763 774 verbis
1810 721 1871 774 et
1917 718 1989 773 de
2036 716 2335 774 codicibus
2380 719 2553 792 plura

309 805 649 877 attulerint3
698 803 800 862 sed
847 804 964 861 nisi
1008 804 1162 862 forte
1203 805 1556 862 vetustiores
1604 805 1833 863 codices
1879 805 2274 881 reperiuntur,
2323 805 2550 878 dubito,

309 915 506 953 annon
555 893 792 950 omnino
839 913 936 951 res
982 892 1300 967 dijudicari
1344 893 1550 970 possit.

491 983 625 1056 Qua
671 982 743 1040 de
791 1001 970 1040 causa
1013 982 1268 1058 benigne
1322 982 1552 1056 judicet
1600 982 1865 1058 quisquis
1912 983 2071 1059 leget
2118 983 2191 1040 de
2236 983 2337 1056 iis,
2402 1001 2552 1059 quae

308 1072 632 1151 proferam,
701 1091 894 1146 neque
967 1071 1253 1147 postulet,
1323 1079 1392 1129 ut
1449 1071 1907 1129 innumerabiles
1967 1072 2099 1130 illas
2162 1071 2551 1148 quaestiones,

313 1181 460 1238 quas
515 1161 681 1238 ipsae
737 1159 990 1218 Patricii
1045 1159 1330 1218 confessio
1387 1165 1448 1218 et
1501 1161 1756 1236 epistula
1802 1161 2137 1236 legentibus
2193 1165 2553 1238 proponunt,

309 1251 537 1309 solvere
598 1269 789 1308 coner.
901 1248 1091 1306 Immo
1153 1249 1331 1307 liceat
1398 1249 1543 1307 mihi
1606 1249 1837 1307 omissis
1897 1250 2192 1321 omnibus,
2266 1269 2417 1324 quae
2478 1250 2554 1307 ad

309 1346 574 1397 nostram
630 1359 754 1396 rem
812 1357 928 1395 non
983 1338 1308 1415 pertinent,
1371 1338 1454 1395 nil
1519 1338 1681 1396 aliud
1738 1358 2025 1414 quaerere
2080 1337 2218 1409 nisi,
2280 1356 2420 1395 num
2480 1339 2552 1395 de

309 1427 736 1486 consuetudine
794 1426 1044 1484 Patricii
1111 1447 1243 1484 cum
1299 1425 1584 1486 Romanis
1649 1427 1837 1505 ipsius
1893 1427 2118 1504 scripta
2172 1426 2399 1502 aliquid
2452 1427 2553 1484 do-

313 1522 504 1576 ceant.
595 1515 809 1592 Itaque
879 1516 1090 1573 omitto
1161 1516 1525 1592 argumentis
1596 1515 1939 1574 confirmare
2002 1516 2425 1574 confessionem
2494 1521 2555 1573 et

313 1606 628 1684 epistulam
687 1604 1050 1663 adulterinas
1105 1625 1226 1663 non·
1285 1625 1426 1664 esse.
1516 1604 1671 1665 Nam
1728 1612 1789 1663 et
1842 1604 1969 1681 ipse
2026 1604 2380 1676 Schoellius,
2452 1603 2555 1680 qui

311 1695 574 1772 genuina
635 1714 704 1751 ea
765 1713 890 1751 esse
950 1692 1202 1750 Patricii
1271 1693 1494 1770 scripta
1563 1699 1890 1770 negaverat
1950 1693 2114 1770 (diss.
2160 1714 2218 1770 p.
2270 1694 2353 1750 68
2400 1695 2553 1768 sqq.)

309 1791 520 1862 postea
579 1783 871 1858 (Herzog,
932 1781 1007 1840 R.
1063 1782 1160 1858 E.)
1216 1786 1352 1857 jure
1405 1783 1568 1841 illam
1625 1782 1980 1840 sententiam
2036 1782 2327 1858 deposuit.
2418 1780 2554 1840 Etsi

312 1874 470 1931 enim
516 1872 800 1930 nonnulla
845 1870 1238 1948 suspicionem
1293 1877 1561 1944 movent,
1624 1878 1822 1930 tamen
1868 1870 2224 1948 negligenda
2270 1876 2432 1942 sunt,
2496 1876 2555 1928 et

315 1962 472 2038 quia,
523 1981 672 2037 quae
718 1961 943 2018 fuerint
986 1959 1246 2036 genuina
1277 1960 1657 2020 confessionis
1692 1960 1887 2032 verba,
1936 1959 2167 2016 definiri
2209 1979 2326 2018 non
2358 1963 2555 2036 potest

313 2057 375 2108 et
421 2051 562 2127 quia
608 2050 684 2108 ad
728 2049 1140 2124 dijudicandas
1198 2050 1414 2108 saeculi
1463 2049 1659 2127 quinti
1714 2069 1809 2107 res
1864 2048 2080 2107 idonea
2124 2049 2297 2107 nobis
2341 2048 2555 2106 desunt

311 2140 672 2214 adjumenta.

492 2228 652 2302 Quid
705 2227 893 2304 igitur
947 2227 1074 2304 ipse
1131 2226 1430 2285 Patricius
1483 2227 1556 2286 de
1614 2247 1719 2286 sua
1776 2227 1962 2306 ipsius
2019 2227 2144 2286 vita
2198 2227 2369 2286 nobis
2423 2246 2556 2302 pro-

315 2317 513 2376 didit?
593 2318 760 2390 Quae
806 2336 900 2374 res
929 2315 1390 2392 haudquaquam
1420 2316 1613 2375 facilis
1660 2324 1751 2375 est
1794 2336 2099 2394 responsu,
2149 2337 2285 2374 nam
2316 2317 2437 2374 tale
2468 2322 2559 2373 est

314 2408 376 2465 in
433 2405 822 2479 confessione,
885 2405 1076 2482 qualis
1123 2425 1277 2464 nunc
1325 2410 1543 2480 exstat,
1603 2405 1886 2464 narrandi
1932 2425 2145 2483 genus,
2208 2411 2278 2464 ut
2324 2403 2557 2483 saepius

313 2517 510 2568 nem0,
577 2495 719 2571 quid
777 2494 890 2554 sibi
935 2496 1194 2553 voluerit
1240 2501 1464 2567 auctor,
1511 2496 1858 2572 intellegere
1906 2495 2111 2573 possit.
2202 2494 2369 2552 Haec
2415 2512 2555 2551 vero

314 2592 455 2643 sunt
503 2604 654 2661 quae
700 2604 772 2641 ex
819 2584 1101 2661 perplexa
1146 2585 1250 2641 illa
1295 2584 1637 2642 narratione
1686 2584 1961 2660 colligere
2008 2584 2179 2641 licet:

493 2673 810 2745 Patricius,
859 2672 1100 2731 natione
1145 2672 1320 2731 Brito
1369 2674 1545 2749 (conf.
1578 2674 1658 2731 H.
1692 2673 1810 2731 and
1840 2672 1928 2731 St.
1958 2670 2044 2745 II,
2079 2673 2135 2743 2,
2176 2692 2235 2749 p.
2268 2672 2421 2747 303)
2478 2672 2553 2727 16

315 2783 501 2822 annos
533 2769 710 2821 natus
744 2761 1018 2839 captivus
1048 2762 1110 2819 in
1141 2758 1498 2820 Hiberniam
1541 2768 1631 2819 est
1678 2762 1985 2835 abductus,
2030 2761 2167 2819 inde
2217 2763 2253 2818 6
2302 2759 2558 2838 peractis

313 2853 486 2911 annis
550 2850 839 2909 liberatus
899 2852 961 2907 in
1020 2851 1278 2929 patriam
1339 2850 1578 2909 videtur
1636 2851 1976 2923 revertisse,
2037 2851 2141 2909 sed
2189 2850 2344 2926 [nisi,
2401 2848 2558 2925 quod

315 2942 590 3017 equidem
637 2940 865 3017 opinor,
913 2940 1289 2997 librariorum
1329 2940 1697 3016 negligentia
1726 2940 2027 3017 duplicata
2059 2945 2148 2997 est
2177 2958 2297 2996 una
2328 2939 2557 2996 eadem-

317 3050 431 3107 que
465 3029 727 3086 narratio
757 3028 806 3105 1]
849 3028 1062 3087 iterum
1111 3034 1321 3105 captus
1368 3036 1459 3087 est
1505 3050 1612 3087 nec
1658 3050 1800 3087 vero
1845 3048 1963 3087 non
2010 3028 2221 3086 iterum
2272 3027 2559 3085 liberatus

314 3120 526 3177 iterum
570 3116 633 3176 in
676 3115 1002 3176 Britannia
1056 3125 1179 3175 erat
1233 3136 1366 3175 cum
1411 3115 1775 3195 parentibus.
1866 3116 1967 3175 Ibi
2022 3136 2154 3175 cum
2210 3121 2557 3186 moraretur,

315 3206 690 3265 mirabilibus
736 3208 1095 3265 somniorum
1145 3206 1452 3283 speciebus
1496 3206 1787 3265 invitatus
1834 3212 1940 3278 est,
1986 3212 2056 3263 ut
2085 3203 2396 3262 Hiberniis
2426 3223 2557 3261 ver-

317 3298 454 3355 bum
505 3296 601 3353 dei
647 3295 1016 3371 praedicaret
1064 3330 1144 3339 —
1196 3300 1256 3352 et
1303 3295 1566 3371 profecto
1608 3302 1745 3373 post
1790 3292 2089 3373 plurz'mos
2144 3312 2327 3351 annos
2384 3293 2558 3366 (conf.

316 3407 374 3462 p.
409 3386 566 3460 303)
610 3383 931 3463 imperante
980 3380 1215 3443 Clm‘sto
1261 3383 1452 3484 (ib.p
1458 3385 1659 3460 ‚309)
1706 3404 1825 3443 non
1878 3382 1997 3442 sine
2050 3381 2157 3441 deo
2210 3400 2313 3441 nec
2364 3399 2556 3439 secun-

317 3473 462 3532 dum
509 3491 748 3533 carnem
793 3474 990 3551 (epist.
1038 3490 1094 3549 p.
1131 3472 1284 3548 316)
1331 3472 1394 3529 in
1411 3404 1797 3531 PHiberniam
1858 3472 2157 3551 pervenit,
2222 3468 2558 3529 Scotorum-

317 3583 432 3637 que
481 3562 668 3621 multa
717 3562 878 3619 milia
924 3562 999 3619 ad
1047 3582 1250 3621 verum
1297 3561 1394 3619 dei
1442 3563 1667 3620 cultum
1714 3562 2026 3621 convertit.
2109 3560 2230 3620 Ubi
2266 3556 2562 3638 plurimos

319 3652 452 3709 illos
499 3672 684 3708 annos
732 3650 979 3727 degerit,
1027 3671 1100 3709 ne
1146 3671 1264 3708 uno
1299 3650 1536 3726 quidem
1568 3652 1751 3710 verbo
1784 3651 2083 3709 Patricius
2126 3646 2413 3727 prodidit,
2458 3647 2562 3707 sed

318 3742 463 3799 satis
509 3740 720 3798 habuit
763 3740 982 3799 dixisse
1029 3740 1264 3816 saepius
1310 3760 1372 3797 se
1419 3760 1544 3797 esse
1591 3741 1878 3798 servitute
1933 3740 2275 3806 liberatum,
2336 3738 2560 3815 disper·

319 3850 446 3887 sum
507 3849 570 3887 se
633 3848 756 3886 esse
816 3827 918 3899 „in
973 3826 1234 3908 yentibus
1292 3824 1544 3901 multis‘,
1610 3829 1894 3887 maximas
1964 3827 2381 3886 tribulationes
2436 3844 2561 3883 esse

318 3936 662 3997 perpessum
721 3918 1078 4017 summisque
1140 3918 1200 3973 in
1262 3917 1539 3994 periculis
1604 3924 1918 3977 versatum.
2024 3918 2182 3989 Quin
2246 3914 2427 3973 etiam
2488 3933 2561 3969 ne

321 4008 380 4064 id
443 4006 684 4083 quidem
743 4008 1015 4083 cognosci
1071 4012 1292 4083 potest,
1363 4012 1563 4064 utrum
1621 4013 1784 4064 recta
1840 4006 1937 4065 via
1993 4026 2065 4062 ex
2118 4003 2439 4061 Britannia
2500 4001 2564 4059 in

501 4234 520 4265 ¹
557 4232 730 4298 Nam,
791 4237 853 4286 ut
891 4232 1002 4285 alia
1040 4232 1326 4297 omittam,
1384 4234 1623 4299 utraque
1670 4231 1947 4297 narratio,
2007 4248 2062 4298 p.
2104 4231 2203 4285 301
2247 4233 2307 4282 et
2342 4247 2396 4299 p.
2439 4229 2561 4297 302,

321 4304 630 4387 Patricium
682 4304 953 4357 servitute
1002 4304 1307 4356 liberatum
1357 4302 1425 4355 28
1474 4302 1596 4355 dies
1644 4320 1749 4371 per
1798 4302 2023 4356 deserta
2068 4302 2194 4356 loca
2244 4304 2437 4354 narrat
2478 4318 2564 4355 er-

320 4394 552 4431 ravisse.
