3167 4900
1500 228 1944 284 ...92—

604 406 1029 483 (eise—613),
1090 404 1197 482 qui
1255 404 1640 465 Childeberto
1700 402 1862 483 patri
1921 403 1984 461 in
2047 402 2404 480 Burgundia
2463 410 2850 477 successerat,

612 495 939 555 Columbae
985 500 1232 572 propter
1276 513 1415 553 suas
1452 526 1539 539 —-
1578 493 1768 571 ipsius
1815 491 2170 551 Theoderici
2203 524 2284 537 --
2317 512 2412 551 res
2450 494 2577 567 jam
2623 492 2850 551 dudum

604 583 879 642 inimicus
940 602 1073 640 eum
1133 580 1548 661 comprehendi
1603 582 1786 657 jussit
1837 586 1900 640 et
1942 600 2052 658 per
2095 580 2361 657 Ligerim
2405 580 2852 641 nannetensem

604 673 669 731 in
722 672 932 731 urbem
986 676 1463 748 transportatum
1508 670 1571 728 in
1617 669 1877 748 patriam
1921 668 2344 729 remittendum
2387 670 2637 730 curavit.
2727 668 2850 730 Sed

603 760 894 820 Columba
952 760 1097 819 data
1155 758 1438 835 fugiendi.
1480 758 1767 817 facultate
1821 757 1955 836 ipsa
1999 758 2370 819 Nannetensi
2411 759 2562 817 urbe
2607 760 2848 837 elapsus

602 850 679 909 ad
710 848 1189 909 Theodebertum
1218 846 1308 920 H,
1351 846 1708 907 Austrasiae
1751 866 1970 924 regem,
2012 847 2260 906 fratrem
2307 845 2680 919 Theoderici,
2711 868 2845 924 per-

600 938 768 999 venit
838 944 901 996 et
968 938 1045 995 ab
1114 955 1184 994 eo
1246 942 1606 1014 potestatem
1670 935 1900 1013 accepit
1960 934 2274 995 habitandi
2337 940 2400 993 et
2460 935 2850 1013 praedicandi

556 1044 561 1051 ·
604 1026 987 1103 Brigantiae,
1044 1024 1110 1084 in
1154 1026 1301 1085 urbe
1348 1025 1684 1084 Helvetiae.
1775 1022 1926 1083 Inde
1971 1023 2166 1083 tribus
2211 1031 2350 1101 post
2393 1024 2568 1083 annis
2611 1023 2852 1083 insidiis

604 1114 959 1174 Theudorici
1004 1114 1233 1171 cedens
1286 1112 1439 1172 abiit
1492 1114 1556 1171 in
1602 1112 1844 1173 Italiam
1889 1112 2093 1189 ibique
2137 1112 2456 1173 Bobiensis
2499 1113 2851 1173 monasterii

602 1204 679 1263 ab
727 1204 857 1281 ipso
890 1202 1114 1261 conditi
1154 1201 1383 1279 primus
1410 1203 1599 1261 abbas
1627 1222 1786 1261 anno
1821 1201 1856 1258 6
1869 1200 1968 1273 15,
2013 1207 2084 1260 ut
2113 1200 2370 1273 videtur,
2415 1201 2544 1261 vita
2573 1200 2848 1261 decessit.

778 1292 949 1351 Haec
1003 1290 1079 1349 de
1123 1290 1249 1350 vita
1294 1288 1638 1349 Columbae.
1713 1289 1808 1348 De
1853 1289 2119 1349 moribus
2163 1293 2294 1366 ejus
2339 1289 2482 1367 quid
2527 1289 2847 1348 dicendum

600 1382 698 1455 sit,
743 1380 935 1456 magis
980 1385 1185 1438 nostra
1228 1378 1495 1437 interest.
1528 1412 1613 1425 --
1648 1378 1766 1453 Qui
1811 1385 2010 1439 essent
2039 1376 2354 1437 Scotorum
2383 1398 2576 1437 mores
2614 1378 2851 1456 proprii

598 1469 664 1528 in
709 1467 999 1527 Columba
1060 1473 1123 1525 et
1181 1466 1245 1525 in
1302 1466 1479 1526 sociis
1534 1470 1661 1543 ejus
1705 1468 1878 1526 brevi
1921 1466 2232 1545 apparuit,
2294 1487 2432 1525 nam
2477 1463 2847 1525 Scoticarum

598 1553 961 1617 tratiaonum
1002 1553 1399 1614 tenacissime
1443 1564 1796 1615 consectator
1839 1576 1958 1615 non
1998 1556 2126 1614 sine
2157 1556 2362 1632 aliquo
2386 1558 2522 1631 jure
2553 1554 2848 1614 Columba

600 1644 935 1724 appellatus
958 1650 1051 1703 est
1072 1642 1135 1702 in
1160 1644 1359 1703 codice
1386 1644 1644 1722 quodam
1664 1651 1904 1704 vetusto
1929 1644 2306 1721 Sangallensi
2325 1642 2570 1721 (Greith
2592 1664 2649 1721 p.
2669 1644 2848 1720 295).

601 1734 721 1794 Sed
768 1733 1006 1810 quando
1054 1734 1459 1793 controversia
1504 1732 1579 1792 de
1627 1731 1939 1794 Scotorum
1983 1733 2252 1792 moribus
2294 1733 2360 1791 in
2391 1731 2590 1792 Gallia
2635 1739 2848 1793 exorta

598 1824 697 1895 sit,
744 1822 1077 1881 accuratius
1124 1820 1358 1880 definiri
1403 1842 1523 1881 non
1568 1828 1784 1899 potest.
1871 1821 2144 1880 Primum
2191 1822 2630 1881 controversiae
2673 1822 2850 1881 testi-

598 1910 863 1970 monium
909 1910 1171 1969 occurrit
1214 1910 1387 1970 nobis
1432 1910 1628 1988 prima
1675 1911 1762 1987 [et
1805 1929 1941 1983 una,
1989 1929 2142 1986 quae
2181 1910 2260 1969 ad
2289 1916 2554 1969 nostram
2585 1914 2848 1969 aetatem-

598 1998 949 2078 permansit]
997 1997 1321 2058 Columbae
1367 1999 1626 2076 epistula
1671 1998 1748 2057 ad
1779 1996 2138 2075 Gregorium
2168 1999 2451 2075 Magnum
2497 1998 2690 2071 missa,
2737 1996 2848 2057 sed

600 2107 717 2165 quo
764 2094 1035 2166 tempore
1078 2086 1185 2146 illa
1216 2087 1554 2165 conscripta
1584 2086 1681 2158 sit,
1727 2088 2038 2159 nescimus,
2087 2088 2360 2164 quamvis
2390 2087 2712 2147 verisimile
2743 2086 2844 2159 sit,

597 2196 729 2235 eam
789 2176 1223 2253 posterioribus
1283 2176 1483 2253 potius
1528 2174 1812 2252 Gregorii
1871 2176 2042 2235 annis
2098 2182 2404 2235 exaratam
2450 2196 2602 2248 esse,
2664 2194 2848 2252 quam

600 2264 953 2343 prioribus.1
1026 2263 1279 2322 Publice
1339 2263 1551 2322 deinde
1614 2264 1924 2323 duodecim
1971 2264 2142 2323 annis
2186 2271 2326 2341 post
2367 2263 2694 2324 Columbae
2743 2262 2846 2337 „in

598 2358 893 2413 eremum“
946 2352 1269 2412 adventum
1317 2354 1433 2430 (ep.
1482 2353 1540 2425 2,
1587 2350 1750 2411 Bibl.
1794 2372 1949 2411 max.
1995 2351 2149 2425 XII,
2196 2374 2254 2429 p.
2303 2352 2386 2409 25
2420 2350 2504 2428 G)
2553 2386 2638 2397 --
2683 2372 2839 2411 anno

600 2443 730 2502 602
778 2442 875 2502 val
922 2442 1069 2515 603,
1114 2447 1183 2501 ut
1227 2440 1484 2515 videtur,
1536 2475 1614 2487 -——
1663 2441 1726 2500 in
1773 2440 1999 2518 synodo
2047 2439 2339 2518 quadam²
2383 2446 2583 2502 actum
2629 2449 2720 2501 est
2764 2440 2842 2500 de

598 2531 1016 2591 controversia.
1090 2529 1197 2589 Ad
1236 2551 1415 2607 quam
1444 2531 1735 2608 synodum
1766 2530 2059 2590 Columba
2087 2549 2220 2589 cum
2249 2531 2380 2608 ipse
2407 2531 2612 2590 venire
2641 2531 2842 2602 nollet,

595 2639 668 2678 ne
696 2618 861 2701 forte
906 2618 1265 2680 contenderet
1294 2637 1580 2698 praesens
1625 2627 1830 2678 contra
1873 2615 2128 2700 apostoli
2153 2617 2376 2680 dictum
2407 2617 2679 2680 dicentis:
2721 2616 2846 2679 noli

597 2706 782 2767 verbis
843 2706 1179 2768 contendere
1238 2710 1357 2784 (ep.
1407 2709 1471 2779 2,
1518 2730 1577 2786 p.
1626 2707 1709 2765 25
1757 2708 1872 2783 Η),
1933 2708 2172 2785 scripsit
2229 2707 2308 2766 ad
2366 2715 2570 2786 patres
2629 2707 2844 2785 synodi

598 2796 927 2874 epistolam,
976 2815 1128 2872 quae
1175 2802 1371 2854 exstat
1417 2796 1677 2854 secunda
1723 2796 1907 2870 (Bibl.
1954 2817 2108 2855 max.
2139 2795 2294 2870 XII,
2338 2814 2396 2873 p.
2445 2796 2530 2854 24
2577 2799 2750 2874 sqq.).

775 2883 909 2942 Has
953 2883 1101 2942 duas
1146 2883 1445 2962 epistolas,
1492 2884 1655 2942 illam
1702 2884 1779 2943 ad
1811 2883 2171 2962 Gregorium
2216 2891 2278 2944 et
2321 2885 2474 2945 hanc
2519 2885 2598 2944 ad
2639 2889 2844 2963 patres

597 2971 809 3050 synodi
853 2971 1117 3044 missam,
1178 2992 1311 3030 cum
1358 2972 1772 3046 conscriberet,
1819 2972 2145 3033 Columbae
2188 2973 2452 3033 nondum
2497 2972 2845 3052 persuaderi

596 3065 837 3140 poterat
881 3059 1192 3120 Gallorum
1249 3059 1589 3120 celebrandi
1632 3061 1772 3121 festi
1815 3063 2110 3140 paschalis
2156 3082 2380 3122 morem
2423 3081 2677 3140 pravum
2723 3081 2846 3122 non

744 3253 765 3284 ²
804 3249 1096 3305 Greithius
1134 3251 1218 3318 (p.
1247 3250 1377 3319 266)
1416 3251 1697 3319 epistulae
1735 3255 1984 3305 aetatem
2022 3251 2261 3305 indicari
2300 3255 2466 3320 put-at
2503 3269 2843 3306 commemo·

598 3326 725 3376 rato
777 3336 810 3375 a
860 3319 1135 3375 Columba
1175 3320 1431 3374 Candido
1482 3321 1819 3389 presbytero
1874 3339 1908 3375 a
1945 3320 2225 3389 Gregorio
2265 3323 2325 3375 in
2361 3321 2614 3378 Galliam
2649 3324 2836 3387 misse,

600 3393 699 3453 sed
750 3396 810 3446 et
847 3391 1135 3446 Candidus
1183 3395 1313 3459 post
1348 3409 1557 3446 annum
1597 3392 1827 3446 circiter
1864 3392 1967 3446 595
2013 3391 2111 3462 (cf.
2152 3391 2324 3462 Greg.
2365 3393 2456 3448 ad.
2479 3393 2703 3458 ·Cand.;
2743 3409 2839 3463 op.

599 3463 687 3516 ed.
727 3463 941 3517 Bened.
980 3461 1060 3527 H,
1100 3479 1155 3530 p,
1184 3462 1315 3532 796)
1356 3464 1675 3533 complures
1713 3479 1889 3517 annos
1924 3463 1984 3515 in
2023 3461 2214 3517 Gallia
2250 3464 2587 3518 versabatur
2624 3463 2723 3533 (cf.
2750 3479 2839 3535 ep.

598 3532 771 3601 Greg.
814 3533 903 3586 ad.
946 3533 1153 3597 Cand.;
1191 3549 1281 3600 op.
1322 3533 1402 3599 H,
1449 3553 1505 3602 p.
1549 3533 1712 3601 1171)
1761 3537 1835 3599 et,
1888 3537 2027 3602 quot
2062 3534 2345 3589 mensibus
2383 3536 2479 3588 vel
2514 3537 2676 3590 annis
2712 3539 2848 3604 post

597 3602 752 3658 illius
790 3602 1095 3658 adventum
1132 3604 1378 3671 epistula
1406 3604 1717 3658 Columbae
1754 3603 1968 3673 scripta
2004 3605 2094 3669 sit,
2136 3607 2196 3659 in
2234 3608 2458 3661 occulto
2497 3607 2661 3660 latet.
2727 3605 2845 3662 Sed

594 3672 941 3727 Laurentius
980 3674 1405 3740 Cautum-ensis,
1460 3675 1569 3728 nisi
1616 3677 1886 3730 mentitus
1935 3679 2022 3730 est
2057 3677 2253 3746 (Beda
2280 3679 2336 3732 h.
2377 3695 2427 3732 e.
2467 3679 2519 3744 2,
2557 3677 2610 3743 4,
2653 3679 2685 3748 ξ
2727 3677 2837 3746 98),

596 3743 669 3798 de
705 3743 983 3798 Columba
1032 3761 1145 3797 non
1192 3745 1413 3799 audivit
1458 3746 1571 3800 nisi
1618 3750 1988 3816 postquam
2035 3747 2305 3802 Britones
2351 3750 2650 3818 cognovit,
2701 3765 2838 3816 ergo

595 3818 729 3884 post
776 3831 985 3869 annum
1028 3815 1131 3870 597
1176 3817 1268 3870 vel
1318 3817 1506 3884 potius
1550 3818 1674 3885 6013
1730 3819 1898 3887 quod,
1955 3835 2083 3872 cum
2125 3817 2646 3889 frequentissimum
2690 3835 2840 3873 com-

595 3886 871 3940 mercium
906 3890 1041 3940 tunc
1078 3886 1254 3940 fuerit
1288 3887 1441 3942 inter
1464 3889 1822 3942 Britanniam
1860 3893 1919 3942 et
1945 3888 2192 3944 Galliam
2230 3895 2291 3944 et
2315 3891 2576 3956 Romam,
2617 3894 2677 3944 et
2711 3907 2842 3944 cum

596 3957 709 4026 ipsi
749 3957 1005 4012 Candido
1042 3975 1173 4013 cum
1195 3958 1517 4028 Augustino
1558 3964 1617 4013 et
1639 3957 1952 4014 Laurentio
1991 3961 2342 4016 consuetudo
2382 3962 2574 4026 fuerit,
2615 3962 2846 4016 videtur

598 4027 878 4152 ἱιιιὲἱέοατθ,
931 4031 1374 4084 controversiam
1414 4031 1571 4085 illam
1609 4032 1705 4086 vix
1741 4035 1873 4085 ante
1913 4032 2172 4086 exeuntis
2209 4033 2419 4086 saeculi
2456 4038 2682 4102 tempus
2721 4047 2841 4086 esse

594 4113 627 4152 o
718 4115 793 4151 m.

742 4168 765 4200 ²
812 4167 979 4224 Hauc
1042 4171 1317 4237 synodum
1372 4171 1818 4242 intellegendam
1876 4188 1998 4226 esse
2053 4173 2327 4240 synodum
2383 4175 2845 4231 Cabillonensem

598 4238 731 4292 anni
768 4239 873 4294 603
913 4241 1241 4309 conjectura
1278 4244 1644 4310 sagacissima
1679 4243 1942 4312 opinatus
1981 4246 2070 4298 est
2094 4243 2389 4298 Hertelius
2416 4277 2484 4286 —-
2511 4245 2844 4300 zeitschrift

595 4308 634 4361 f.
672 4307 1122 4380 Kirchengesch.
1162 4311 1372 4380 111‚·p.
1416 4313 1519 4368 148
1557 4331 1676 4383 sqq.
