3167 4900
1498 230 1940 287 -74..·-

602 406 923 467 Caedvalla
942 450 957 479 ,
1020 403 1543 466 christianissimus
1601 406 1828 465 seilicet
1871 407 1988 465 ille·
2015 406 2332 466 Britonum
2378 428 2485 467 rex
2531 410 2628 483 (cf.
2675 408 2846 481 Beda

599 498 658 555 h.
690 516 739 555 e.
774 497 833 569 2,
866 497 969 567 20,
1002 496 1039 572 ξ
1074 497 1227 572 147)
1280 493 1563 555 Aeduino
1615 494 1744 572 regi
1789 496 2008 554 bellum
2055 496 2264 555 intulit
2307 503 2372 556 et
2413 498 2520 555 illo
2563 504 2846 576 superato

601 592 783 663 atque
827 585 1141 643 interfecto
1185 583 1818 659 Nordanhymbrorum
1863 584 2134 661 regiones
2191 586 2350 643 ferro
2383 586 2648 663 aignique
2680 587 2844 646 adeo

600 674 893 747 vastavit,
926 678 997 731 ut
1038 672 1327 731 Paulinus
1370 672 1578 731 relicta
1623 674 1764 732 sede
1793 672 2178 733 Cautuariam
2223 680 2643 733 reverteretur.
2706 674 2848 735 Una

602 782 743 824 vero
788 782 923 821 cum
966 761 1221 819 Paulino
1284 768 1349 819 et
1390 760 1523 838 ipsa
1568 761 1716 821 fides
1775 762 2100 821 christiana
2159 762 2447 823 discessit.
2537 764 2692 823 Nam
2741 764 2848 841 qui

602 852 945 913 Aeduinum
1006 850 1195 909 secuti
1254 855 1394 908 sunt
1457 870 1632 927 reges
1648 894 1663 924 ,
1723 850 2082 922 Eanffidus,
2147 850 2464 910 Ethilfridi
2521 851 2848 911 decessoris

604 939 871 999 Aeduini
918 939 1093 1010 filius,
1140 939 1203 995 in
1246 938 1545 1011 Ber-nicia,
1593 938 1850 1011 Osi-iens,
1895 939 2084 1017 ipsius
2127 937 2402 998 Aeduini·
2441 940 2848 1014 consobrinus,

602 1030 669 1087 in
713 1029 919 1100 Deire,
964 1028 1199 1102 abjecta
1242 1026 1392 1099 fide,
1451 1047 1574 1103 qua⁴
1632 1028 1734 1085 ille
1793 1029 1931 1087 exul
1989 1029 2056 1086 in
2099 1026 2306 1087 Scotia
2366 1030 2462 1087 hic
2505 1048 2544 1087 a
2589 1029 2849 1088 Paulino

604 1117 869 1176 imbutus
914 1122 1045 1174 erat
1059 1159 1074 1187 ,
1120 1114 1204 1175 ad
1238 1114 1473 1193 priscas
1517 1114 1654 1196 ido(
1653 1113 1708 1175 lo
1703 1113 1948 1195 flato-tae
1989 1116 2190 1176 sordes
2235 1123 2610 1179 reverterunt
2655 1118 2853 1193 (Beda

605 1207 663 1265 h.
710 1226 760 1264 e.
809 1206 867 1277 3,
919 1207 973 1277 1,
1022 1206 1059 1281 ξ
1114 1204 1285 1280 150).
1374 1202 1495 1262 Sed
1548 1207 1676 1279 jam
1738 1212 2019 1281 sequente
2075 1226 2236 1265 anno
2283 1207 2358 1263 ab
2403 1208 2613 1265 eodem
2657 1206 2848 1265 Caed-

604 1294 763 1356 valla
824 1300 1079 1370 uterque
1137 1299 1483 1369 peremptus
1544 1298 1651 1351 est.
1743 1294 1878 1367 Quo
1939 1294 2201 1353 facinore
2249 1294 2572 1355 andvalla
2617 1296 2852 1355 nescius

606 1382 748 1443 fidei
796 1382 1153 1441 christianae
1198 1382 1357 1439 viam
1402 1382 1469 1439 in
1494 1381 2078 1459 Nordanhymbriam
2121 1402 2330 1443 rursus
2369 1382 2624 1462 aperuit.
2685 1384 2852 1443 -Nam

606 1471 943 1543 Oswaldus,
1000 1469 1281 1528 Eanfridi
1336 1470 1524 1528 frater
1582 1477 1646 1529 et
1702 1474 1834 1546 >ejus
1895 1471 2204 1548 Osricique
2263 1474 2326 1530 in
2385 1478 2516 1531 tota
2576 1473 2851 1533 Norden-

605 1559 881 1636 hymhria
940 1574 1264 1631 successor,
1324 1564 1387 1617 et
1436 1560 1565 1637 ipse
1619 1578 1739 1618 una
1793 1579 1926 1619 cum
1985 1562 2176 1619 fratre
2221 1582 2258 1619 a
2284 1560 2500 1621 -Scotis
2545 1558 2853 1633 educatus,

606 1655 779 1709 tanto
824 1648 889 1705 in
934 1647 1113 1706 exilio
1158 1666 1301 1723 erga
1347 1646 1651 1707 Christum
1699 1668 1898 1707 amore
1944 1656 2074 1708 erat
2117 1650 2410 1723 incensus,
2453 1654 2540 1723 ut,
2585 1650 2855 1709 simulat·

608 1758 723 1813 que
768 1758 876 1795 rex
918 1738 1113 1795 factus
1174 1742 1291 1809 est,
1352 1736 1662 1795 consilium
1723 1744 1986 1814 caperet,
2047 1744 2117 1797 ut
2175 1739 2398 1797 auxilio
2455 1758 2657 1797 eorum
2671 1782 2685 1811 ,
2749 1738 2856 1817 qui

606 1827 802 1905 ipsum
848 1825 1207 1897 erudierant,
1252 1825 1539 1903 populum
1584 1846 1757 1883 suum
1804 1826 1880 1884 ad
1925 1826 2102 1885 fidem
2147 1828 2473 1887 reduceret.

786 1914 1005 1989 Itaque
1064 1914 1289 1973 factum
1358 1920 1449 1973 est
1463 1957 1477 1986 ,
1547 1921 1620 1973 ut
1679 1913 1959 1974 Hiienses
2027 1920 2246 1992 rogatu
2315 1917 2474 1993 regis
2534 1916 2854 1975 Aedanum

609 2002 953 2081 episcopum
982 2002 1047 2061 in
1076 2002 1658 2077 Nordanhymbriam
1689 2004 1996 2063 mittentes
2028 2004 2222 2079 (Beda
2251 2005 2310 2062 h.
2342 2025 2390 2062 e.
2425 2004 2484 2075 3,
2521 2006 2578 2077 3,
2623 2006 2662 2081 ἓ
2698 2002 2856 2075 155;

613 2093 671 2164 5,
717 2093 753 2169 ξ
805 2092 957 2167 164)
1002 2091 1330 2149 dominium
1392 2109 1563 2149 suum
1610 2094 1704 2168 (ut
1745 2092 1834 2151 ita
1879 2093 2073 2151 dicam
2121 2112 2253 2151 cum
2299 2092 2492 2169 Beda)
2539 2094 2602 2151 in
2665 2092 2856 2170 ipsius

609 2180 807 2257 gentis
860 2179 1201 2255 Anglorum
1260 2180 1533 2256 regiones
1596 2186 2002 2258 propagarent
2018 2226 2032 2253 ,
2093 2202 2213 2240 non
2271 2182 2398 2239 dixi
2454 2182 2520 2240 in
2578 2182 2856 2241 Nordan·

608 2267 970 2344 hymbriam,
1031 2287 1169 2325 nam
1226 2287 1346 2325 non
1404 2267 1565 2326 solae
1609 2268 2024 2327 Berniciorum
2069 2274 2132 2328 et
2175 2270 2518 2328 Deiriorum
2563 2272 2856 2347 regiones,

610 2358 674 2415 in
720 2356 935 2433 quibus
965 2355 1251 2414 Aedanus
1282 2356 1679 2434 episcopalem
1725 2377 1894 2415 suam
1933 2358 2131 2417 sedem
2163 2360 2556 2419 constituerat
2600 2360 2664 2417 in
2710 2378 2858 2438 pen·

608 2445 805 2521 insula
835 2444 1328 2518 Lindisfarnensi,
1358 2442 1600 2504 Aedani
1646 2451 1708 2504 et
1752 2445 2042 2506 sociorum
2092 2467 2272 2525 opera
2315 2469 2485 2507 sacra
2529 2447 2861 2507 christiana

612 2540 1022 2612 susceperunt,
1084 2535 1190 2593 sed
1248 2540 1457 2612 postea
1518 2535 1697 2593 etiam
1743 2535 2154 2614 Middilanglis
2211 2541 2272 2595 et
2317 2535 2554 2596 Merciis
2615 2541 2862 2597 auctore

610 2642 750 2700 rege
806 2623 1009 2696 Osvin,
1072 2621 1337 2682 Oswaldi
1394 2621 1652 2701 primum
1715 2627 1894 2701 (anno
1959 2626 2113 2702 642)
2173 2625 2237 2684 in
2281 2623 2588 2698 Bernicia,
2644 2625 2861 2685 deinde

612 2711 1021 2787 (651—670)
1085 2710 1399 2770 interfecto
1461 2709 1701 2771 Oswino
1764 2711 1957 2787 (Beda
2012 2714 2069 2772 h.
2128 2735 2181 2772 e.
2227 2715 2294 2786 3,
2348 2713 2450 2787 14,
2494 2716 2530 2792 ἓ
2583 2715 2734 2791 188)
2795 2715 2861 2773 in

611 2807 743 2859 tota
772 2798 1295 2875 Nordanhymbria
1342 2819 1690 2872 successore,
1738 2800 1814 2859 ad
1859 2801 2034 2860 fidem
2085 2801 2467 2861 christianam
2499 2803 2860 2863 transeunti·

612 2887 727 2948 bus
772 2909 809 2946 a
854 2887 1107 2962 Finano,
1154 2886 1395 2946 Aedani
1439 2907 1772 2947 successore
1820 2887 2246 2967 (651—661),
2299 2891 2610 2970 episcopus
2656 2910 2862 2950 conse-

618 2983 818 3037 cratus
866 2983 956 3036 est
1002 2985 1063 3036 et
1106 2975 1322 3036 missus
1352 2977 1577 3035 Diuma
1623 2977 1881 3054 quidam,
1930 2978 2172 3038 natione
2204 2979 2417 3039 Scotus
2463 2979 2657 3054 (Beda
2703 2980 2758 3040 11.
2806 3001 2860 3039 e.

616 3067 675 3140 3,
724 3067 827 3139 21,
874 3067 911 3144 ἓ
960 3065 1087 3124 210
1136 3086 1291 3142 sqq.,
1340 3066 1412 3124 cf.
1462 3065 1519 3139 3,
1568 3065 1672 3139 24,
1719 3067 1753 3144 ξ
1804 3067 1976 3143 223),
2031 3088 2260 3126 necnon
2323 3067 2530 3128 eodem
2587 3076 2862 3146 tempore

612 3155 793 3213 etiam
842 3153 1179 3213 Orientales
1226 3152 1491 3214 Saxones
1514 3152 1728 3237 fldem,
1777 3175 1957 3236 quam
2002 3153 2140 3215 olim
2188 3159 2368 3233 (anno
2418 3159 2572 3233 616)
2617 3153 2864 3236 eapulso

612 3239 847 3302 Melitto
892 3241 1167 3313 antistite,
1228 3243 1561 3320 Augustini
1622 3241 2045 3304 Cantuarensis
2107 3246 2292 3319 socie,
2354 3241 2714 3326 abjecerant,
2771 3244 2862 3304 in-

612 3329 827 3390 stantia
868 3329 1024 3412 reyt‘s
1060 3325 1239 3390 Osviu
1284 3340 1624 3410 receperunt
1667 3333 1750 3408 (h.
1796 3353 1845 3394 e.
1895 3334 1952 3407 3,
1986 3334 2088 3406 22,
2136 3335 2171 3414 ξ
2205 3334 2360 3410 213)
2406 3341 2467 3393 et
2514 3337 2862 3413 episcopum

614 3425 971 3496 acceperunt
1015 3419 1251 3478 nomine
1299 3419 1493 3492 Cedd,
1555 3421 1799 3480 natione
1844 3420 2138 3500 Anglum,
2194 3429 2258 3482 et
2301 3423 2498 3500 ipsum
2544 3445 2580 3482 a
2623 3421 2861 3482 Finano

611 3515 1034 3567 consecratum.

790 3595 1010 3672 Itaque
1057 3597 1317 3674 exceptis
1349 3595 1758 3657 Orientalibus
1801 3598 2038 3676 Anglis,
2087 3599 2191 3676 qui
2231 3601 2356 3675 jam
2401 3599 2633 3677 pridem
2674 3599 2860 3676 (631)

614 3706 651 3743 a
697 3684 1040 3744 cantuariis
1100 3684 1279 3742 fidem
1339 3685 1724 3744 christianam
1785 3693 1848 3746 et
1905 3688 2248 3766 episcopum
2294 3689 2532 3746 nomine
2576 3687 2857 3760 Felicem,

613 3771 677 3832 in
723 3771 1080 3849 Burgundia
1139 3779 1344 3831 natum
1408 3779 1468 3833 et
1528 3781 1949 3848 consecratum,
2010 3781 2363 3854 acceperant
2417 3777 2501 3853 (h.
2550 3797 2599 3836 e.
2648 3778 2708 3848 2,
2760 3775 2860 3849 15,

617 3865 653 3941 ἓ
692 3862 863 3940 135),
893 3867 1026 3922 tota
1072 3881 1142 3920 ea
1171 3862 1525 3922 Britanniae
1553 3861 2118 3940 Anglo-Saxonicae
2161 3886 2320 3942 pars,
2368 3886 2520 3943 quae
2553 3887 2592 3924 a
2622 3863 2864 3924 Tamesi

614 3951 857 4010 flumine
915 3951 981 4010 in
1047 3951 1481 4029 septentriones
1537 3953 1734 4028 vergit
1747 3995 1764 4024 ,
1837 3953 2192 4013 Hiiensihus
2259 3961 2392 4013 erat
2457 3956 2731 4030 subjecta
2791 3974 2862 4013 ac

614 4041 852 4116 quidem
897 4060 1015 4098 non
1063 4041 1411 4100 circuitione
1444 4039 1702 4119 quadam
1733 4040 1836 4100 sed
1866 4041 1969 4114 ita,
2014 4048 2085 4100 ut
2125 4041 2455 4102 arctissima
2483 4041 2859 4102 necessitudo

613 4136 770 4188 esset
828 4129 949 4188 illis
1006 4129 1351 4206 regionibus
1412 4149 1545 4187 cum
1605 4127 1822 4188 abbate
1870 4129 2149 4204 'Hiiensi,
2211 4134 2378 4207 eujus
2439 4133 2862 4190 auctoritatem

612 4217 1177 4296 archiepiscopalem
1202 4217 1501 4295 quandam
1522 4217 1709 4278 fuisse
1735 4223 1894 4278 certe
1915 4219 2179 4278 hocloco
2203 4220 2275 4278 fit
2296 4219 2861 4280 manifestissimum.

612 4305 768 4366 Nam
814 4312 875 4364 et
918 4306 1207 4366 Aedanus
1254 4306 1447 4382 (Beda
1490 4307 1549 4366 h.
1597 4326 1649 4369 e.
1697 4307 1756 4381 3,
1806 4308 1864 4366 3.
1911 4309 1946 4385 ξ
1984 4308 2106 4366 157
2159 4313 2220 4366 et
2271 4310 2424 4368 164:
2471 4307 2664 4390 sicque
2691 4305 2864 4368 illum
