3167 4900
1543 262 1927 328 .-4,....

497 456 502 460 ’
616 447 786 531 quia,
849 469 1002 530 quae
1061 450 1320 530 profert,
1381 450 1619 509 aliunde
1673 452 1799 524 jam
1858 447 2163 520 audiemm
2221 446 2444 524 partim
2488 446 2631 523 quia
2676 443 2854 507 alium

613 549 796 618 atque
839 547 1108 601 nostrum
1154 540 1416 600 Varinus
1477 539 1595 598 sibi
1655 539 1963 616 proposuit
2022 537 2218 595 finem.
2313 534 2468 595 Tota
2527 536 2681 594 enim
2728 537 2855 611 ejus

614 630 1028 690 commentatio
1076 631 1268 688 altera
1313 649 1382 687 eo
1429 633 1661 705 spectat
1676 671 1689 698 ,
1734 632 1805 685 ut
1851 626 2334 686 centuriatorum
2378 625 2853 701 Magdeburgen-

613 719 766 778 sium
797 719 1150 777 sententiam
1183 719 1402 777 refutet
1435 737 1565 775 cum
1596 716 1955 788 examinans,
2002 735 2144 773 num
2182 717 2318 790 jure
2365 715 2455 772 his
2502 733 2605 772 sex
2648 715 2853 772 rebus:

619 810 680 884 1)
727 813 1009 866 tonsurae
1085 807 1278 866 forma
1369 807 1434 882 2)
1477 803 1725 880 liturgia
1798 805 2009 864 missae
2104 805 2169 880 3)
2216 803 2351 861 odio
2424 803 2488 860 in
2553 801 2855 860 Romanos

614 897 682 973 4)
729 896 1076 972 baptizandi
1137 915 1297 953 more
1362 895 1426 971 5)
1472 895 1612 954 festi
1669 893 1965 970 paschalis
2020 892 2460 971 computatione
2540 891 2606 967 6)
2650 890 2854 949 matri·

613 986 810 1043 monio
859 985 1203 1044 elericorum
1256 1017 1330 1026 ——
1383 983 1688 1042 ecclesiam
1732 982 2052 1041 Britonum
2098 981 2391 1040 diversam
2451 980 2633 1038 fuisse
2679 1000 2715 1037 a
2762 999 2855 1037 ca·

613 1074 834 1132 thelica
881 1073 1218 1132 censuerint
1235 1115 1250 1146 ,
1311 1077 1440 1130 tum
1485 1073 1701 1130 docens
1746 1072 1973 1129 nullam
2018 1089 2279 1146 unquam
2324 1067 2677 1127 Britonibus
2724 1087 2855 1125 cum

613 1160 762 1222 Asia
808 1163 988 1220 fuisse
1033 1158 1542 1221 necessitudinem.
1567 1159 1595 1196 1
1644 1193 1721 1204 -—
1772 1159 1892 1218 Sed
1938 1160 2053 1218 alio
2100 1160 2253 1231 loce,
2315 1158 2421 1216 ubi
2480 1177 2598 1215 non
2656 1177 2854 1234 spera-

613 1271 846 1323 veram,
905 1250 1051 1309 novi
1096 1249 1320 1326 aliquid
1365 1249 1566 1308 inveni
1584 1293 1598 1321 ,
1664 1249 1822 1324 quod
1886 1250 1961 1306 ad
2022 1247 2487 1324 cognoscendam
2542 1244 2857 1304 Scotorum

617 1340 895 1399 ecclesiae
941 1344 1216 1397 naturam
1263 1338 1504 1395 maximi
1549 1337 1835 1395 momenti
1880 1337 2117 1402 videtur
2162 1356 2318 1396 esse:
2366 1334 2527 1412 apud
2556 1334 2853 1393 Harttun·

613 1429 776 1504 gium
838 1422 1297 1506 (Ih‘plomatisch
1311 1459 1335 1470 ·-
1353 1421 1683 1486 historische
1730 1421 2161 1506 Forsekunyen.
2225 1427 2333 1484 187
2336 1426 2375 1483 9
2432 1446 2491 1502 p.
2554 1423 2632 1481 21
2684 1425 2855 1498 sqq.).

615 1517 970 1592 Quanquam
1019 1515 1174 1572 enim
1221 1535 1320 1588 ea,
1383 1535 1534 1590 quae
1595 1535 1783 1592 pauca
1843 1515 1917 1572 de
1962 1515 2279 1574 Britonum
2328 1513 2573 1572 ecclesia
2618 1511 2856 1570 aliunde

615 1604 868 1683 sumpsit
899 1639 984 1648 —
1016 1603 1166 1679 proh
1198 1604 1366 1661 dolor
1396 1625 1469 1661 ex
1499 1603 1763 1662 Ebrardi
1795 1623 2028 1680 quoque
2074 1604 2257 1663 libro!
2294 1635 2371 1646 -—·
2406 1601 2607 1677 magni
2654 1599 2853 1658 existi-

613 1713 774 1751 mare
805 1712 922 1750 non
955 1712 1212 1770 possum,
1259 1697 1459 1752 tamen
1493 1692 1624 1751 aliis
1653 1693 1829 1768 hujus
1872 1693 2013 1752 libri
2057 1692 2331 1794 partibus
2370 1691 2620 1748 multum
2652 1689 2855 1760 deboc,

613 1801 807 1858 neque
839 1781 1110 1841 omittam
1155 1782 1384 1858 gratias
1429 1802 1607 1859 agere
1652 1781 2039 1859 Harttungio,
2086 1782 2189 1857 qui
2221 1781 2311 1857 (p.
2346 1781 2455 1856 22)
2488 1797 2705 1850 omnes,
2753 1777 2857 1852 qui

615 1871 686 1929 de
727 1869 1046 1928 Britonum
1095 1871 1342 1930 ecelesia
1387 1877 1627 1931 exstent
1669 1870 1827 1943 libri,
1875 1890 2217 1929 enumerare
2264 1874 2507 1927 conatus
2552 1867 2650 1926 sit.
2743 1865 2854 1924 Co·

613 1965 788 2018 natus
835 1964 955 2032 est,
1005 1979 1140 2017 nam
1187 1960 1516 2037 complures
1563 1979 1699 2016 eum
1742 1961 2025 2035 fugerunt
2070 1958 2407 2036 scriptores.
2500 1955 2651 2014 Cum
2698 1955 2855 2012 enim

613 2049 811 2124 priore
857 2067 1010 2105 anno
1057 2048 1120 2104 in
1166 2050 1357 2106 lucem
1404 2048 1696 2125 prodierit
1754 2043 2035 2118 Warren,
2098 2043 2357 2128 Lituryy
2400 2044 2526 2104 and
2568 2040 2749 2102 ritual
2794 2039 2868 2122 of

613 2134 704 2195 the
753 2132 931 2195 Celtic
977 2131 1208 2194 charde.
1263 2133 1498 2217 Ooeford
1545 2137 1716 2205 1881,
1786 2137 2027 2194 tandem
2074 2134 2391 2211 aliquando
2437 2134 2501 2190 in
2545 2133 2655 2192 hoc
2702 2133 2853 2190 libro

616 2225 911 2303 expletam
942 2245 1011 2282 ac
1040 2227 1367 2303 perfectam
1401 2225 1690 2282 librorum
1729 2224 1995 2283 tabulam
2041 2225 2243 2282 inveni
2288 2243 2397 2280 nee
2442 2241 2561 2280 non
2608 2241 2681 2279 ex
2724 2221 2855 2298 ipso

614 2314 768 2372 libro
801 2315 1060 2373 fructum
1090 2315 1395 2392 percipere
1426 2313 1614 2390 potui.
1707 2310 1827 2370 Sed
1871 2312 2017 2372 mihi
2062 2331 2180 2370 non
2226 2310 2493 2388 contigit,
2540 2315 2610 2368 ut
2654 2329 2857 2368 omnes

618 2403 802 2461 libros
849 2423 886 2461 a
915 2403 1230 2463 Warrenio
1276 2403 1568 2475 laudatos,
1616 2421 1689 2459 ex
1735 2400 1950 2478 quibus
1993 2401 2333 2475 utilitatem,
2382 2419 2571 2459 seram
2618 2399 2855 2475 quidem

617 2492 798 2565 illam,
845 2499 1156 2570 capturum
1203 2513 1296 2550 me
1344 2512 1468 2550 esse
1516 2490 1845 2567 sperabam,
1892 2490 2267 2569 adipiscerer.
2359 2488 2575 2547 Toddii
2608 2484 2750 2571 ijfe
2794 2485 2869 2568 of

618 2574 790 2639 Saint
835 2576 1077 2639 Patriolc
1122 2576 1389 2655 (Dublin.
1426 2582 1619 2656 1864),
1667 2580 1883 2639 librum
1916 2580 1990 2638 ab
2022 2580 2103 2637 H.
2134 2579 2253 2638 and
2284 2578 2370 2638 St.
2418 2583 2479 2636 et
2523 2576 2855 2653 Loeningio

616 2670 838 2727 frustra
880 2668 1024 2725 mihi
1057 2668 1544 2739 commendatum,
1594 2667 1733 2745 quia
1776 2670 1871 2727 vel
1917 2667 1980 2725 in
2026 2667 2331 2727 ditissimis
2376 2666 2571 2743 gentis
2616 2670 2856 2723 nostrae

617 2756 992 2816 bibliothecis
1023 2755 1206 2828 deest,
1255 2774 1388 2815 cum
1419 2756 1579 2834 apud
1609 2755 1989 2814 Warrenium
2022 2775 2255 2833 quoque
2300 2754 2656 2814 invenissem
2704 2772 2855 2812 sum-

620 2845 732 2904 mis
777 2844 1052 2924 laudibus
1099 2845 1336 2918 elatum,
1383 2866 1422 2903 a
1467 2844 1793 2922 bibliopola
1839 2844 2091 2919 quodam
2124 2844 2495 2903 Londinensi
2538 2842 2855 2921 postulavi,

618 2934 721 2994 sed
753 2931 949 2991 omnia
988 2934 1162 3008 hujus
1206 2933 1347 2992 libri
1393 2934 1755 3011 exemplaria
1800 2934 2043 2992 vendita
2089 2954 2213 2992 esse
2261 2932 2533 3010 comperi.
2626 2929 2745 2989 Sed
2788 2936 2857 2988 ut

619 3022 918 3094 omittam,
965 3020 1182 3097 quibus
1225 3023 1318 3081 uti
1363 3021 1510 3080 mihi
1555 3042 1674 3081 non
1718 3022 1937 3081 licebat
1953 3067 1967 3095 ,
2028 3042 2169 3081 usus
2215 3042 2345 3081 sum
2390 3026 2629 3100 praeter
2672 3021 2857 3078 libros

618 3130 797 3189 supra
844 3117 1328 3170 commemoratos
1375 3111 1438 3169 in
1483 3110 1843 3189 perficienda
1890 3111 2000 3169 hac
2044 3132 2175 3171 mea
2214 3110 2629 3171 dissertatione
2678 3108 2857 3165 etiam

617 3199 711 3257 his
755 3198 985 3257 duobus
1030 3199 1231 3259 libris:
1293 3200 1491 3279 priore
1539 3198 1747 3259 Skenii
1806 3200 1959 3257 libro
2020 3200 2359 3257 doctissimo
2420 3202 2481 3255 et
2537 3196 2855 3267 uberrimo,

617 3288 722 3346 sed
767 3287 984 3345 fabulis
1032 3307 1474 3365 nonnumquam
1521 3288 1696 3346 nimis
1742 3287 1959 3346 confiso
2006 3284 2249 3362 (Skene,
2316 3282 2489 3343 Celtic
2536 3280 2855 3342 Sootland.

617 3371 1663 3457 Edinburylz.vol.1.1876htsto⁴ry
1692 3374 1815 3433 and
1846 3370 2403 3455 ethnoloqy5vol.2.
2440 3374 2608 3449 1877
2642 3367 2858 3431 clam-ch.

617 3463 740 3523 and
785 3458 1037 3533 culture,-
1081 3461 1278 3523 vol.3.
1314 3467 1481 3535 1880,
1528 3462 1675 3523 land
1704 3461 1827 3521 and
1844 3459 2083 3541 people)
2132 3463 2319 3520 altero
2366 3416 2632 3536 Brightii
2662 3455 2858 3539 Early

618 3548 834 3633 mylish
863 3548 1077 3609 church
1106 3548 1326 3629 history
1358 3548 1639 3632 (Oxford.
1674 3552 1867 3627 1878),
1913 3551 1976 3607 in
2009 3570 2125 3626 quo
2158 3550 2312 3608 libro
2360 3556 2567 3609 auctor
2612 3550 2857 3622 scholas,

619 3660 766 3717 quas
813 3640 886 3697 de
933 3639 1134 3697 Bedae
1179 3639 1429 3699 historia
1477 3639 1874 3697 ecclesia-stica
1921 3658 2117 3697 coram
2158 3640 2479 3713 juvenibus
2523 3638 2857 3715 theologiae

618 3728 898 3788 studiosis
956 3728 1196 3801 habuit,
1257 3728 1346 3787 ita
1401 3728 1599 3800 auxit,
1660 3734 1729 3785 ut
1776 3728 2215 3786 adumbrandae
2260 3727 2576 3787 Britonum
2624 3734 2685 3785 et
2728 3726 2857 3785 An-

617 3818 849 3895 glorum
880 3816 1164 3875 historiae
1212 3816 1643 3877 ecclesiasticae
1690 3836 1808 3873 non
1854 3836 2068 3894 parvas
2113 3816 2405 3876 utilitates
2450 3816 2812 3894 praebuerit.

795 3905 969 3965 Alios
1016 3904 1298 3981 denique,
1361 3906 1436 3963 ad
1483 3924 1631 3980 quos
1676 3905 1870 3963 rarius
1914 3906 2233 3981 provocavi
2292 3907 2477 3964 libros
2539 3909 2601 3963 et
2662 3904 2869 3961 omnia·

617 4002 883 4055 veterum
945 3994 1299 4071 scriptorum
1358 3992 1699 4053 testimonia
1760 3994 1881 4053 suis
1942 3994 2086 4053 locis
2148 3994 2631 4053 commemorabo,
2722 3992 2857 4050 Hoc

617 4085 745 4142 loco
793 4083 878 4141 nil
925 4082 1221 4159 reliquum
1267 4087 1358 4141 est
1403 4081 1523 4140 nisi
1563 4087 1634 4141 ut
1677 4082 1822 4143 viris
1866 4082 1985 4143 illis
2032 4082 2414 4155 doctissimis,
2478 4082 2582 4157 qui
2644 4080 2855 4140 biblio-

799 4294 822 4325 ²
861 4292 1148 4345 Summam
1184 4290 1476 4359 utriusque
1515 4290 2006 4344 commentationis
2044 4289 2297 4344 invenies
2346 4290 2497 4358 apud
2535 4288 2855 4344 Montalem-

615 4360 746 4427 bert,
787 4363 860 4417 les
896 4364 1099 4417 moines
1136 4360 1943 4426 d’oceident.111,488-491.
