3167 4900
1514 227 1954 285 —94—

606 405 823 480 quibus
852 425 1035 481 unum
1058 406 1249 467 Jonas
1279 406 1628 480 nominavit,
1659 407 1820 483 quod
1843 406 2009 466 Secti
2037 425 2210 466 sacra
2231 404 2550 465 missarum
2571 402 2857 467 ,solemm‘a

602 492 936 553 orationum
994 502 1047 553 et
1098 491 1468 555 collectarum
1518 491 1831 574 multiplici
1879 493 2153 576 varietate
2209 496 2578 555 celebrarent
2624 497 2698 571 (c.
2751 496 2854 568 10,

602 603 661 659 Ρ.
712 583 839 639 120
887 584 959 641 cf.
1027 583 1283 642 Warren
1326 604 1387 661 p.
1428 585 1509 642 96
1556 585 1732 660 sqq.),
1778 589 2023 656 ceteros,
2069 602 2204 643 cum
2232 582 2581 660 Agl-estium
2628 584 2857 643 faceret

603 671 897 731 dicentem
936 680 1023 745 „et
1051 669 1240 731 multa
1268 668 1392 731 alia
1420 668 1752 753 simei-flu&
1783 672 1918 750 pari
1945 672 2120 731 modo
2145 678 2328 749 atque
2351 672 2522 731 Beda
2545 673 2648 746 (cf.
2670 691 2856 751 supra

603 782 662 838 p.
712 760 823 834 25)
868 761 1106 820 levioris
1152 761 1437 820 momenti
1483 780 1610 820 esse
1654 760 1960 820 indicavit.

782 848 953 908 Haec
998 852 1139 908 sunt
1184 868 1337 925 quae
1382 855 1624 909 exstant
1667 849 2050 909 dissensionis
2093 849 2438 909 testimonia
2481 854 2726 927 praeter
2768 850 2852 922 id,

604 938 765 1014 quod
808 937 1045 1014 saepius
1082 936 1389 997 invenitur
1416 936 1747 1014 generatim
1778 945 1840 997 et
1869 937 2206 997 summatim
2235 938 2464 997 dictum
2497 934 2855 999 Columbam

599 1045 641 1084 a
670 1034 991 1085 ceterorum
1026 1023 1286 1084 ‘moribus
1324 1024 1634 1085 desciscere
1662 1025 2008 1103 (Agl-estius
2037 1026 2199 1104 apud
2225 1026 2368 1085 Jon.
2399 1026 2507 1085 vit.
2535 1024 2710 1086 Enst.
2748 1026 2852 1098 10,

602 1135 661 1192 p.
689 1114 840 1189 120)
862 1114 959 1173 vel
980 1111 1057 1172 ab
1078 1113 1340 1174 omnium
1360 1112 1750 1175 saecularium
1771 1134 1935 1175 more
1959 1113 2268 1174 desciscere
2290 1114 2360 1190 (J
2361 1134 2455 1173 on.
2471 1115 2578 1174 vit.
2593 1112 2722 1173 Col.
2743 1115 2850 1186 33,

600 1222 663 1283 p.
692 1204 801 1278 19)
832 1202 925 1262 vel
956 1201 1221 1262 munibus
1248 1222 1367 1262 non
1394 1201 1612 1262 sociari
1638 1203 1928 1280 (ibidem).
1991 1205 2257 1277 Quorum
2287 1204 2536 1263 tertium
2569 1236 2650 1248 -
2687 1204 2851 1281 quod

602 1291 893 1351 Columba
922 1292 1195 1351 omnibus
1224 1312 1345 1351 non
1376 1291 1592 1351 sociari
1621 1292 1846 1351 dicitur
1883 1326 1955 1335 —
1993 1293 2152 1351 haud
2183 1292 2304 1351 scio
2336 1312 2414 1351 an
2446 1292 2690 1366 majoris
2721 1310 2846 1350 mo-

602 1379 789 1439 menti
818 1379 915 1452 sit,
948 1400 1125 1456 quam
1156 1381 1273 1439 tibi
1294 1380 1588 1441 videatur.
1658 1379 1827 1439 Idem
1852 1381 2008 1440 enim
2031 1381 2396 1439 Laurentius
2419 1379 2848 1439 Oantuarensis

600 1468 927 1529 Columbae
957 1468 1191 1527 crimini
1222 1469 1387 1527 dedit
1418 1468 1620 1527 dicens
1659 1489 1722 1527 se
1749 1487 1868 1548 per
1901 1466 2247 1529 C'olumbam
2275 1466 2544 1528 abbatem
2573 1466 2846 1529 didicisse

600 1551 803 1616 Scotos
846 1553 932 1614 nd
972 1554 1307 1637 discrepare
1349 1576 1390 1616 a
1432 1554 1783 1618 Britonibus
1825 1556 1890 1616 in
1934 1576 2136 1617 eorum
2179 1556 2604 1617 conversatione
2648 1555 2847 1632 (Beda

599 1645 657 1703 h.
688 1664 739 1703 e.
772 1645 831 1716 2,
864 1643 922 1716 4,
954 1644 989 1721 ἓ
1024 1646 1151 1721 98),
1194 1646 1398 1705 idem'
1380 1666 1509 1725 ipse
1539 1646 1830 1707 Columba
1863 1646 2195 1719 confitetur,
2227 1666 2360 1705 cum
2389 1645 2600 1705 scribit
2630 1647 2748 1722 (ep.
2789 1647 2845 1717 1,

599 1754 657 1812 p.
693 1733 777 1791 24
808 1732 915 1808 F).
962 1742 1182 1793 constat
1224 1754 1329 1794 nos
1377 1735 1537 1836 [etsi.
1560 1736 1625 1793 in
1657 1734 1856 1794 Gallia
1901 1735 2124 1811 sumus]
2156 1733 2219 1793 in
2247 1740 2449 1794 nostra
2478 1752 2594 1793 esse
2615 1732 2843 1815 patria,

598 1822 743 1881 dum
786 1818 985 1881 nullas
1027 1820 1273 1883 istorum
1316 1822 1665 1903 suscipimus
1709 1820 1940 1904 requbzs
1975 1817 2302 1893 Gallorum,
2347 1822 2450 1882 sed
2493 1821 2557 1881 in
2601 1820 2844 1883 desertis

596 1909 869 1981 sedentes,
912 1907 1063 1971 melli
1100 1910 1343 1982 molesti,
1386 1932 1519 1971 cam
1560 1920 1898 1972 nostrorum
1941 1908 2154 1991 requlis
2197 1928 2502 1971 manemus
2527 1928 2840 1970 semomm.

597 1999 775 2059 Unde
820 1998 1197 2060 manifestum
1245 2007 1359 2073 est,
1420 2001 1632 2061 Scotos
1677 2000 1811 2061 illos
1858 2001 2306 2079 peregrinantes
2350 2018 2727 2076 nequaquam
2772 2004 2846 2057 ut

596 2089 951 2167 apostolum,
998 2090 1103 2165 qui
1152 2088 1477 2171 „quibusvis
1520 2089 1786 2171 qmdvis⁴⁴
1839 2094 1987 2162 erat,
2031 2088 2405 2165 evangelium
2450 2086 2842 2166 praedicasse,

595 2176 705 2236 sed
747 2176 967 2255 potius,
1014 2178 1234 2256 quippe
1265 2179 1369 2256 qui
1399 2179 1674 2239 monachi
1703 2184 1918 2251 essent,
1961 2178 2240 2238 maluisse
2267 2175 2332 2235 in
2360 2174 2596 2236 desertis
2625 2174 2841 2245 sedere,

593 2284 777 2341 quam
824 2272 1129 2326 versantes
1174 2268 1238 2325 in
1278 2273 1448 2326 coetu
1477 2268 1782 2327 hominum
1811 2267 2265 2343 frequentiaque
2295 2270 2536 2325 strenue
2567 2266 2842 2325 laborare

592 2356 660 2414 in
695 2356 1071 2433 'corrigendis
1116 2358 1266 2417 aliis.

772 2444 1085 2524 Perpauca
1114 2447 1303 2525 igitur
1332 2454 1472 2506 sunt
1502 2445 1884 2508 dissensionis
1914 2443 2272 2517 testimonia,
2319 2443 2636 2522 permulta,
2683 2464 2838 2522 quae

594 2537 979 2613 comprobent
1024 2535 1372 2596 Columbam
1419 2542 1481 2595 et
1524 2557 1678 2607 suos,
1727 2535 1996 2612 quamvis
2043 2533 2262 2594 diversi
2307 2532 2534 2592 fuerint
2577 2535 2655 2593 ab
2701 2533 2840 2593 aliis

590 2623 863 2683 nonnulli
908 2643 1110 2683 eorum
1155 2644 1367 2698 mores,
1414 2632 1616 2698 tamen
1659 2624 1778 2684 fide
1824 2641 2200 2701 nequaquam
2239 2641 2430 2698 neque
2461 2639 2728 2699 unquam
2759 2624 2838 2681 ab

590 2713 823 2772 unitate
871 2713 1163 2772 catholica
1207 2714 1567 2773 dissensisse.

767 2800 814 2861 J
814 2821 921 2859 ure
981 2801 1219 2877 quidem
1281 2802 1443 2860 dicat
1500 2802 1754 2860 fortasse
1799 2800 2095 2877 quispiam
2139 2801 2212 2858 de
2259 2798 2383 2858 sola
2426 2798 2546 2858 fide
2592 2806 2836 2860 sanctae

590 2889 912 2950 Trinitatis
956 2889 1305 2948 Columbam
1362 2889 1608 2961 dixisse,
1667 2909 1796 2948 cum
1853 2909 2073 2966 papam
2118 2893 2318 2947 oraret
2370 2906 2514 2966 „per
2555 2885 2837 2949 unitatem

565 2977 726 3082 fidei
764 2985 1017 3049 nostrae,
1062 2997 1209 3059 quae
1250 2975 1489 3036 invicem
1528 2982 1646 3036 est“
1684 2979 1804 3054 (ep.
1840 2979 1897 3050 1,
1941 2999 1998 3055 p.
2034 2978 2118 3034 24
2148 2976 2248 3052 Ε).
2325 2974 2448 3035 Sed
2479 2977 2626 3054 quid
2653 2976 2834 3049 dicat,

588 3069 643 3128 si
686 3067 893 3126 audiat
925 3067 1272 3126 Columbam
1318 3066 1610 3125 dicentem
1656 3066 1734 3124 ad
1780 3071 1984 3145 patres
2031 3063 2242 3142 synodi
2271 3067 2388 3142 (ep.
2423 3067 2481 3138 2,
2514 3087 2572 3143 p.
2607 3065 2691 3123 25
2720 3064 2834 3144 (ὓς

588 3155 787 3236 capiat
828 3174 935 3215 nos
979 3152 1181 3226 simul,
1229 3173 1348 3227 or0,
1398 3149 1629 3226 Gallia,
1675 3173 1821 3236 quos
1865 3153 2054 3234 capiet
2097 3173 2341 3234 regnum
2385 3149 2680 3214 coelorum
2724 3199 2739 3214 .
2763 3177 2788 3214 ‘.
2821 3199 2835 3215 .

592 3239 799 3304 Unum
842 3242 993 3302 mim
1034 3262 1279 3323 reynum
1324 3199 1602 3304 babemus
1643 3251 1696 3303 et
1738 3263 1922 3303 unam
1951 3261 2116 3322 spem
2143 3240 2455 3302 vocationis
2483 3240 2548 3300 i‘n
2581 3238 2830 3316 Cbrisw,

588 3339 657 3394 et·
694 3334 770 3393 ad
818 3333 1050 3391 eosdem
1095 3353 1153 3409 p.
1204 3333 1285 3388 26
1328 3330 1414 3390 E:
1460 3329 1633 3390 unius
1678 3329 1832 3391 enim
1877 3351 2080 3392 summ
2124 3329 2386 3410 emporis
2432 3329 2828 3391 commembra

586 3421 705 3481 sive
751 3415 922 3481 Galli
961 3419 1078 3479 sive
1121 3417 1411 3480 Britanni
1452 3419 1567 3479 sive
1614 3417 1776 3480 Iberi
1815 3419 1930 3482 sive
1974 3439 2231 3502 quaeque
2271 3427 2462 3499 qentes
2494 3463 2511 3478 .
2545 3463 2559 3478 .
2593 3413 2650 3479 ..P
2723 3418 2829 3478 An

586 3515 865 3589 putemus
903 3529 1051 3582 eum,
1099 3509 1205 3585 qui
1232 3508 1597 3568 haereticum
1625 3529 1751 3570 esse
1775 3510 2156 3584 judicaverit,
2185 3509 2524 3586 quicunque
2557 3507 2652 3568 Sti
2679 3508 2834 3568 Hie·

586 3595 817 3672 ronymi
861 3597 1277 3657 auctoritatem
1316 3597 1557 3656 laeserit
1589 3598 1704 3675 (ep.
1739 3597 1799 3670 5,
1842 3619 1900 3676 p.
1936 3599 2018 3657 32
2052 3596 2154 3674 G),
2200 3597 2590 3657 inconsultius
2623 3603 2834 3658 coacta

584 3684 904 3765 projecisse
960 3685 1065 3744 illa
1124 3687 1308 3744 verba
1326 3685 1354 3742 P
1446 3685 1569 3758 Qui
1625 3704 1767 3746 vero
1823 3685 2198 3746 nihilosecius
2243 3686 2508 3758 dubitat,
2569 3686 2829 3762 benigne

587 3775 689 3849 eis,
736 3793 889 3851 quae
934 3779 1277 3852 sequuntur,
1323 3773 1553 3832 tribuat
1599 3795 1819 3835 aurem.

762 3863 1020 3922 Maxime
1074 3863 1230 3921 enim
1285 3862 1600 3940 perspicua
1643 3863 1714 3922 fit
1758 3865 2021 3940 perfecta
2065 3863 2172 3923 illa
2215 3862 2356 3921 fidei
2401 3863 2602 3922 unitas
2647 3862 2712 3921 in
2756 3883 2830 3922 ea

583 3954 713 4031 ipsa
756 3972 839 4025 re,
886 3951 959 4011 de
1007 3972 1125 4029 qua
1170 3951 1592 4011 dissensionem
1638 3951 1839 4028 potius
1883 3973 1990 4011 nos
2035 3951 2384 4012 inventuros
2430 3971 2554 4012 esse
2585 3958 2826 4029 putare-

582 4061 729 4112 mus,
774 4041 827 4098 si
870 4040 1015 4118 ipsis
1062 4041 1332 4119 epistulis
1378 4059 1496 4098 non
1541 4040 1714 4098 lectis
1743 4038 2016 4100 Ebrardo
2064 4046 2126 4100 et
2172 4075 2255 4086 --
2301 4039 2450 4116 quid
2493 4041 2686 4117 magis
2719 4041 2826 4099 mi-

581 4128 832 4188 randum
863 4129 997 4190 est?
1025 4165 1108 4175 —-
1132 4129 1250 4208 ipsi
1271 4129 1588 4186 Warrenio
1621 4131 1702 4204 (p.
1738 4129 1816 4187 37
1845 4132 2000 4206 sqq.)
2029 4128 2208 4188 fidem
2238 4128 2715 4206 adjungeremus,
2737 4163 2830 4176 —-

582 4217 809 4277 scilicet
853 4216 917 4276 in
960 4217 1052 4291 iis,
1098 4239 1249 4296 quae
1296 4217 1369 4276 de
1414 4217 1769 4276 auctoritate
1814 4238 2006 4296 papae
2045 4215 2336 4276 Columba
2383 4219 2656 4296 epistulis
2703 4219 2828 4278 suis

580 4305 805 4380 injecit,
851 4307 1067 4366 verbis.
1142 4307 1297 4368 Nam
1344 4326 1460 4383 quo
1506 4305 1726 4364 certius
1773 4313 1863 4366 est
1909 4308 2006 4382 (cf.
2035 4306 2312 4384 Loening
2355 4305 2444 4380 ΙΙ,
2491 4328 2548 4385 p.
2582 4307 2714 4365 418
2764 4314 2828 4366 et
