3167 4900
1228 212 1673 271 ...81—

330 387 461 465 (vit.
490 386 739 463 Ethyld.
778 407 827 445 c.
862 386 947 447 35
988 387 1029 446 l.
1060 408 1109 447 c.
1156 408 1215 465 p.
1248 390 1283 445 7
1294 388 1404 489 5.5)
1449 390 1936 457 consentiendum
1984 398 2076 450 est
2120 392 2372 452 dicenti.
2403 391 2574 454 unde

329 472 663 556 iactabitur
706 474 863 536 viros
908 484 959 535 et
1002 472 1269 537 mulieres
1313 475 1378 535 in
1422 476 1625 538 eodem
1679 474 1860 538 simul
1909 478 2260 540 monasterio
2303 476 2574 541 caelibem

326 562 590 625 actitasse
630 562 829 623 vitam.
890 565 1067 625 Hanc
1112 565 1270 625 enim
1316 566 1672 627 sententiam
1717 567 1988 645 pluribus
2031 567 2201 628 Beda
2247 567 2572 629 confirmat.

504 652 663 711 Nam
706 654 965 730 primum
1010 654 1277 713 dubitari
1322 673 1443 713 non
1487 660 1706 732 potest,
1754 656 1898 733 quin
1943 664 2186 735 praeter
2213 657 2572 719 monasteria

328 742 617 813 virorum,
674 748 745 801 ut
788 741 1277 802 Lindisfarnense
1324 743 1517 819 (Beda
1563 744 1671 803 vit.
1719 744 1910 805 Gudb.
1956 744 2144 818 XVI,
2191 746 2230 822 ξ
2279 744 2570 815 25,81·,ὀ-

328 850 555 890 venson
598 829 687 902 ΙΙ,
732 851 791 907 p.
827 832 955 908 79),
1002 837 1065 890 et
1107 831 1413 907 virginum
1457 833 1554 892 vel
1608 833 1964 909 puellarum
1987 834 2084 910 (cf.
2129 854 2309 910 supra
2353 855 2412 912 p.
2461 836 2572 911 70)

328 926 398 979 ut
427 918 709 979 Vetadun
741 918 935 995 (Beda
979 920 1037 977 h.
1068 938 1119 979 e.
1154 921 1209 992 5,
1244 922 1303 997 3,
1339 920 1375 997 ξ
1411 920 1567 997 364)
1613 923 1912 998 permulta
1954 929 2100 981 tunc
2144 922 2209 981 in
2253 922 2572 983 Britannia

328 1007 554 1067 fuerint
598 1006 861 1085 duplicia
907 1010 1269 1068 monasteria
1311 1009 1350 1069 i.
1398 1028 1447 1067 e.
1492 1009 1853 1069 monasteria
1866 1054 1880 1083 ,
1941 1030 2094 1086 quae
2141 1013 2217 1070 ab
2263 1012 2574 1089 utriusque

326 1114 502 1155 sexus
563 1096 867 1156 monachis
924 1096 1351 1169 incolerentur3
1427 1097 1666 1157 nomino
1721 1097 2342 1173 Strenaeshalenense,
2413 1100 2573 1177 quod

326 1184 453 1261 ipse
501 1182 669 1245 Beda
712 1181 1090 1265 famulomm
1131 1182 1622 1268 famwkmaemque
1673 1182 1798 1247 Dei
1837 1186 2252 1247 monasterium
2305 1189 2574 1247 nominat

327 1273 409 1347 (h.
443 1292 492 1331 e.
528 1272 591 1345 4,
620 1274 725 1345 26,
770 1273 1012 1350 3341),
1059 1272 1275 1333 Coludi
1318 1275 1525 1333 urbem
1573 1276 1655 1349 (h.
1687 1295 1736 1334 e.
1769 1276 1830 1347 4,
1864 1275 1966 1347 25,
2000 1276 2244 1352 ἓ338),
2290 1276 2571 1336 Hacanos

328 1362 409 1436 (h.
443 1381 493 1419 e.
524 1361 587 1431 4,
622 1362 724 1433 23,
772 1362 1017 1438 5329),
1062 1362 1403 1422 Beartaneu
1449 1363 1533 1438 (h.
1563 1384 1614 1422 e.
1663 1361 1720 1435 3,
1759 1364 1858 1437 11,
1905 1364 1942 1441 ξ
1981 1365 2132 1441 182)
2176 1363 2571 1441 Berecingum

325 1450 411 1524 (h.
450 1469 501 1507 e.
544 1449 603 1519 4,
649 1452 706 1522 ¹7,
754 1450 789 1526 g
836 1450 1008 1527 275).
1098 1451 1420 1510 Maximam
1466 1457 1702 1530 partem
1747 1453 2106 1511 monasteria
2152 1451 2466 1513 Scotorum
2508 1453 2572 1512 in

328 1536 646 1597 Britannia
700 1538 961 1617 duplicia
1017 1539 1199 1599 fuisse
1243 1540 1558 1613 videntur,
1631 1546 1792 1599 certe
1849 1540 2150 1617 virginum
2210 1542 2569 1601 monasteria

326 1626 629 1685 rarissime
672 1626 1073 1687 inveniuntur.
1152 1628 1441 1687 Omnibus
1486 1628 1608 1687 illis
1651 1629 2024 1687 monasteriis
2067 1630 2404 1707 duplicibus
2449 1650 2568 1688 una

329 1714 635 1775 abbatissa
678 1721 973 1793 praeerat.
1049 1716 1215 1794 Ergo
1261 1717 1326 1775 iu
1370 1716 1481 1775 hoc
1524 1716 1724 1794 priore
1772 1715 2029 1776 Thomas
2075 1737 2194 1775 non
2239 1719 2478 1777 erravit.

505 1803 717 1882 Neque
760 1804 834 1863 de
880 1805 1101 1865 caelibe
1145 1806 1297 1879 vita,
1370 1824 1547 1881 quam
1609 1812 1670 1865 et
1729 1804 1888 1864 viros
1947 1812 2010 1864 et
2069 1806 2317 1864 feminas
2376 1806 2566 1883 egisse

328 1891 561 1963 censuit
576 1935 591 1964 ,
660 1892 935 1955 dubitare
979 1894 1136 1953 licet.
1227 1893 1407 1953 Certe
1450 1893 1622 1953 Beda
1665 1912 1782 1952 non
1845 1894 2146 1953 dubitavit
2163 1939 2176 1966 ,
2247 1914 2385 1952 nam
2446 1914 2566 1953 mo·

333 1980 655 2039 nachorum
700 1981 887 2041 vitam
941 1982 1221 2061 opposuit
1280 1982 1439 2041 vitae
1498 1982 1787 2041 saeculari
1845 1982 1928 2057 (h.
1971 2003 2020 2044 e.
2062 1982 2121 2055 4,
2164 1983 2265 2054 23,
2313 1984 2348 2059 ἓ
2393 1982 2566 2058 323),

328 2068 645 2129 monachas
693 2070 1019 2147 appellavit
1060 2071 1327 2147 virgines
1372 2070 1482 2129 deo
1528 2070 1778 2143 dicatas,
1825 2090 2071 2147 sponsas
2116 2070 2341 2129 Christi
2387 2071 2469 2146 (h.
2517 2090 2567 2130 e.

331 2157 389 2228 4,
422 2158 527 2229 20,
572 2159 607 2235 ᾖ
642 2157 816 2234 315),
858 2164 1183 2236 perpetuae
1228 2158 1565 2237 virginitati
1607 2164 2006 2232 consecratas,
2071 2164 2131 2217 et
2175 2178 2307 2219 cum
2349 2159 2567 2219 sancti·

324 2246 643 2305 monialem
719 2248 1017 2323 quandam
1067 2245 1368 2329 sentinam
1434 2247 1501 2307 in
1568 2247 1926 2307 monasterio
1993 2247 2321 2325 Berecingo
2389 2248 2568 2309 fuisse

326 2341 561 2407 narrat,
632 2335 743 2395 tali
806 2355 1077 2397 sermone
1134 2337 1357 2409 utitur,
1386 2366 1391 2372 ·
1424 2343 1495 2395 ut
1545 2356 1678 2396 eam
1723 2342 1866 2395 tunc
1920 2336 1982 2394 in
2028 2336 2404 2395 matrimonio
2447 2354 2567 2395 non

324 2421 545 2486 vixisse
606 2431 897 2503 appareat
952 2426 1033 2502 (h.
1081 2446 1129 2484 e.
1177 2426 1235 2498 4,
1285 2427 1341 2498 9,
1388 2425 1423 2503 ἓ
1472 2425 1656 2501 279),
1717 2444 1943 2484 necnon
2003 2425 2076 2483 de
2134 2425 2422 2484 fratribus
2479 2425 2566 2484 sic

326 2512 612 2589 loquitur,
658 2518 727 2571 ut
772 2515 1025 2574 caelibes
1070 2535 1169 2574 eos
1210 2534 1329 2572 non
1359 2514 1539 2572 fuisse
1570 2518 1782 2590 putare
1813 2534 1934 2572 non
1961 2515 2140 2572 liceat
2169 2513 2251 2588 (h.
2283 2534 2334 2572 e.
2369 2513 2427 2585 3,
2461 2514 2564 2587 26,

326 2601 365 2677 ξ
400 2601 555 2673 238;
589 2602 647 2673 4,
681 2601 739 2675 4,
772 2603 809 2680 ξ
844 2604 1017 2680 266).
1077 2603 1294 2679 Itaque
1338 2623 1450 2680 pro
1482 2607 1645 2660 certo
1673 2601 2010 2661 habendum
2041 2608 2134 2662 est
2159 2601 2566 2678 Heriburgam

326 2690 693 2750 abbatissam
710 2734 725 2764 ‚
796 2695 963 2767 cujus
1010 2689 1155 2775 fllia
1198 2687 1453 2750 carnalis
1512 2690 1576 2748 in
1639 2691 1994 2750 monasterio
2055 2690 2264 2750 matris
2325 2690 2568 2750 vivebat

261 2782 268 2787 '
324 2779 409 2853 (h.
442 2797 491 2836 e.
527 2778 586 2852 5,
620 2779 678 2851 3,
710 2780 747 2856 ξ
784 2780 955 2856 364),
986 2780 1287 2858 prioribus
1332 2779 1549 2839 aetatis
1589 2799 1734 2838 suae
1777 2779 2146 2857 temporibus
2187 2779 2370 2838 fuisse
2416 2799 2567 2858 nup·

325 2873 478 2938 tam3
547 2867 639 2926 sin
700 2868 877 2927 aliter
928 2889 1025 2928 res
1080 2890 1205 2928 sese
1250 2868 1583 2939 habuisset,
1629 2866 1798 2928 Beda
1856 2875 1966 2928 aut
2023 2869 2198 2944 plura
2257 2875 2362 2927 aut
2420 2869 2570 2926 nihil

324 2955 591 3027 dixisset,
640 2976 777 3014 nam
808 2958 1057 3018 abbates
1085 2957 1181 3016 vel
1230 2957 1566 3016 abbatissas
1611 2957 1828 3016 liberos
1873 2976 2203 3034 procreare,
2248 2955 2567 3032 nefandum

324 3044 647 3106 videbatur
690 3044 911 3104 Bedae.
1001 3047 1138 3105 Non
1200 3045 1356 3104 enim
1416 3045 1735 3121 ignorabat
1793 3044 2084 3119 ejusmodi
2142 3043 2390 3103 abbates
2447 3043 2567 3103 suis

326 3132 515 3209 ipsius
544 3133 915 3210 temporibus
944 3135 1009 3192 in
1038 3133 1359 3193 Britannia
1388 3153 1515 3192 esse
1546 3132 1744 3210 (epist.
1777 3133 1854 3190 ad
1882 3131 2165 3209 Ecgbert.
2198 3132 2234 3208 ἓ
2273 3131 2295 3190 1
2318 3133 2346 3190 1
2379 3138 2440 3191 et
2469 3132 2566 3205 13,

326 3219 492 3282 Stev.
524 3220 611 3293 H,
643 3243 700 3298 p.
736 3223 861 3280 217
896 3226 1070 3300 sqq.).
1147 3221 1343 3298 Atqui
1388 3240 1581 3298 neque
1627 3219 1794 3280 Scoti
1839 3230 2011 3280 erant
2055 3240 2247 3298 neque
2294 3220 2565 3279 monachi

324 3308 431 3368 sed
476 3310 807 3370 saeculares
851 3311 1141 3384 homines3
1210 3317 1273 3370 et
1336 3309 1629 3388 expressis
1690 3309 1886 3368 verbis
1947 3307 2117 3368 Beda
2161 3309 2423 3367 affirmat
2465 3329 2568 3367 ne·

326 3398 572 3458 fandum
616 3398 787 3458 illum
830 3421 1078 3472 morem,
1144 3400 1303 3476 quod
1362 3399 1612 3457 abbates
1671 3397 1745 3456 de
1773 3398 1966 3461 ,laicis
2023 3397 2394 3457 monasteriis
2448 3417 2570 3456 non

327 3485 522 3546 dicam
565 3488 973 3564 fungebantur
1016 3489 1120 3548 sed
1148 3489 1516 3561 fruebantur,
1548 3506 1622 3544 ex
1653 3507 1808 3545 anno
1839 3486 2074 3545 demum
2109 3486 2236 3544 705
2282 3486 2344 3546 in
2373 3487 2433 3548 N
2434 3487 2568 3546 ord·

328 3573 681 3649 anhymbria
724 3577 1131 3654 percrebuisse
1176 3578 1237 3653 (1.
1270 3598 1319 3635 c.
1353 3577 1389 3653 ἓ
1428 3575 1527 3649 13,
1558 3597 1617 3653 p.
1653 3576 1826 3652 219).
1901 3575 2068 3652 Ergo
2114 3574 2258 3652 quid
2302 3574 2447 3633 illud
2491 3576 2571 3635 ad

326 3668 595 3723 nostram
642 3665 805 3724 rem?
852 3665 957 3725 Nil
996 3665 1184 3743 igitur
1228 3663 1493 3743 impedit,
1542 3664 1856 3740 quominus
1886 3664 1951 3722 in
1981 3664 2228 3741 antiqua
2257 3664 2571 3724 Scotorum

326 3752 575 3810 ecclesia
618 3755 936 3812 monachos
980 3751 1250 3814 caelibem
1295 3750 1559 3812 actitasse
1617 3750 1799 3811 vitam
1854 3772 1963 3831 pro
2022 3759 2186 3812 certo
2231 3754 2568 3812 habeamus.

325 3839 422 3899 Ea
466 3839 599 3918 ipsa
642 3842 716 3902 de
762 3862 942 3901 causa
985 3843 1049 3902 in
1093 3840 1467 3902 monasteriis
1510 3840 1630 3900 illis
1675 3841 2011 3920 duplicibus
2055 3843 2272 3900 fratres
2319 3861 2354 3898 a
2385 3839 2569 3916 virgi-

325 3927 507 3990 nibus
552 3929 765 3990 seclusi
810 3952 928 3990 non
960 3932 1150 3991 solum
1180 3931 1481 4002 vivebant,
1528 3930 1632 3988 sed
1663 3930 1843 3988 etiam
1877 3930 2093 3988 mortui
2120 3928 2571 4006 ‚sepeliebantur

328 4017 411 4092 (h.
444 4037 493 4076 e.
527 4018 585 4092 4,
621 4021 677 4092 7,
726 4019 761 4097 ξ
796 4019 969 4096 275).

322 4137 327 4142 ·
507 4107 583 4168 In
628 4107 721 4166 his
766 4107 1039 4168 omnibus
1082 4107 1169 4166 nil
1216 4107 1330 4165 nisi
1373 4108 1527 4165 forte
1571 4105 1750 4178 illud,
1809 4104 1967 4181 quod
2013 4105 2352 4166 abbatissae
2399 4123 2568 4182 prae·

326 4201 505 4256 erant
550 4198 925 4257 monasteriis
957 4195 1309 4275 duplicibus,
1356 4193 1669 4255 Scotorum
1715 4194 2022 4272 proprium
2068 4201 2177 4266 est,
2223 4213 2415 4269 neque
2461 4193 2572 4252 hoc

326 4284 525 4362 ipsum
570 4285 717 4344 alibi
762 4287 999 4345 omnino
1034 4306 1153 4346 non
1184 4283 1459 4343 occurrit.
1520 4283 1674 4343 Nam
1722 4285 1784 4341 in
1815 4282 2184 4359 Nivigelensi
2213 4281 2572 4342 monasterio

2111 4383 2144 4438 6
