<?xml version="1.0" encoding="UTF-8"?>
<!DOCTYPE html PUBLIC "-//W3C//DTD XHTML 1.0 Transitional//EN"
    "http://www.w3.org/TR/xhtml1/DTD/xhtml1-transitional.dtd">
<html xmlns="http://www.w3.org/1999/xhtml" xml:lang="en" lang="en">
 <head>
  <title>
</title>
<meta http-equiv="Content-Type" content="text/html;charset=utf-8" />
  <meta name='ocr-system' content='tesseract 3.04.00' />
  <meta name='ocr-capabilities' content='ocr_page ocr_carea ocr_par ocr_line ocrx_word'/>
</head>
<body>
  <div class='ocr_page' id='page_1' title='image "./antiquaebritonu01loofgoog_0021.png"; bbox 0 0 3167 4900; ppageno 0'>
   <div class='ocr_carea' id='block_1_1' title="bbox 1175 261 1605 326">
    <p class='ocr_par' dir='ltr' id='par_1_1' title="bbox 1175 261 1605 326">
     <span class='ocr_line' id='line_1_1' title="bbox 1175 261 1605 326; baseline -0.005 -14"><span class='ocrx_word' id='word_1_1' title='bbox 1175 261 1605 326; x_wconf 55' lang='lat'>1-13...</span> 
     </span>
    </p>
   </div>
   <div class='ocr_carea' id='block_1_2' title="bbox 249 442 2510 3633">
    <p class='ocr_par' dir='ltr' id='par_1_2' title="bbox 249 442 2509 2388">
     <span class='ocr_line' id='line_1_2' title="bbox 446 442 2507 524; baseline 0 -20"><span class='ocrx_word' id='word_1_2' title='bbox 446 442 620 520; x_wconf 78' lang='lat' dir='ltr'>Quod</span> <span class='ocrx_word' id='word_1_3' title='bbox 665 465 946 524; x_wconf 81' lang='lat' dir='ltr'>magnum</span> <span class='ocrx_word' id='word_1_4' title='bbox 990 445 1275 523; x_wconf 90' lang='lat' dir='ltr'>temporis</span> <span class='ocrx_word' id='word_1_5' title='bbox 1318 444 1699 505; x_wconf 83' lang='lat' dir='ltr'>intervallum</span> <span class='ocrx_word' id='word_1_6' title='bbox 1744 445 2046 505; x_wconf 80' lang='lat' dir='ltr'>oblivione</span> <span class='ocrx_word' id='word_1_7' title='bbox 2101 463 2343 524; x_wconf 87' lang='lat' dir='ltr'>prorsus</span> <span class='ocrx_word' id='word_1_8' title='bbox 2406 447 2507 505; x_wconf 80' lang='lat' dir='ltr'>ob-</span> 
     </span>
     <span class='ocr_line' id='line_1_3' title="bbox 264 533 2505 612; baseline 0 -18"><span class='ocrx_word' id='word_1_9' title='bbox 264 541 566 594; x_wconf 87' lang='lat' dir='ltr'>scuratum</span> <span class='ocrx_word' id='word_1_10' title='bbox 615 541 768 594; x_wconf 88' lang='lat' dir='ltr'>esset</span> <span class='ocrx_word' id='word_1_11' title='bbox 813 535 928 594; x_wconf 90' lang='lat' dir='ltr'>nisi</span> <span class='ocrx_word' id='word_1_12' title='bbox 970 533 1062 593; x_wconf 89' lang='lat' dir='ltr'>his</span> <span class='ocrx_word' id='word_1_13' title='bbox 1100 534 1247 612; x_wconf 90' lang='lat' dir='ltr'>ipsis</span> <span class='ocrx_word' id='word_1_14' title='bbox 1280 534 1650 612; x_wconf 76' lang='lat' dir='ltr'><strong>temporibus</strong></span> <span class='ocrx_word' id='word_1_15' title='bbox 1682 533 1895 594; x_wconf 79' lang='lat' dir='ltr'>Gildas</span> <span class='ocrx_word' id='word_1_16' title='bbox 1926 535 2276 612; x_wconf 75' lang='lat' dir='ltr'>scripsisset,</span> <span class='ocrx_word' id='word_1_17' title='bbox 2322 535 2505 594; x_wconf 87' lang='lat' dir='ltr'>histo-</span> 
     </span>
     <span class='ocr_line' id='line_1_4' title="bbox 249 616 2507 703; baseline 0 -21"><span class='ocrx_word' id='word_1_18' title='bbox 249 616 418 683; x_wconf 54' lang='lat' dir='ltr'>&#39;riam</span> <span class='ocrx_word' id='word_1_19' title='bbox 465 645 618 682; x_wconf 87' lang='lat' dir='ltr'>anno</span> <span class='ocrx_word' id='word_1_20' title='bbox 671 624 798 682; x_wconf 83' lang='lat'>560</span> <span class='ocrx_word' id='word_1_21' title='bbox 846 624 942 683; x_wconf 82' lang='lat' dir='ltr'>vel</span> <span class='ocrx_word' id='word_1_22' title='bbox 991 623 1118 681; x_wconf 85' lang='lat'>564</span> <span class='ocrx_word' id='word_1_23' title='bbox 1166 623 1264 699; x_wconf 86' lang='lat' dir='ltr'>(cf.</span> <span class='ocrx_word' id='word_1_24' title='bbox 1314 622 1516 682; x_wconf 75' lang='lat' dir='ltr'>Schffll</span> <span class='ocrx_word' id='word_1_25' title='bbox 1559 645 1619 703; x_wconf 89' lang='lat' dir='ltr'>p.</span> <span class='ocrx_word' id='word_1_26' title='bbox 1670 624 1726 695; x_wconf 86' lang='lat'>3,</span> <span class='ocrx_word' id='word_1_27' title='bbox 1772 623 1852 681; x_wconf 90' lang='lat' dir='ltr'>H.</span> <span class='ocrx_word' id='word_1_28' title='bbox 1900 623 2018 683; x_wconf 91' lang='lat' dir='ltr'>and</span> <span class='ocrx_word' id='word_1_29' title='bbox 2062 622 2153 684; x_wconf 76' lang='lat' dir='ltr'>St.</span> <span class='ocrx_word' id='word_1_30' title='bbox 2200 623 2251 697; x_wconf 94' lang='grc' dir='ltr'>Ι,</span> <span class='ocrx_word' id='word_1_31' title='bbox 2297 647 2355 702; x_wconf 90' lang='lat' dir='ltr'>p.</span> <span class='ocrx_word' id='word_1_32' title='bbox 2402 624 2507 698; x_wconf 88' lang='lat'>44,</span> 
     </span>
     <span class='ocr_line' id='line_1_5' title="bbox 265 710 2507 790; baseline 0 -20"><span class='ocrx_word' id='word_1_33' title='bbox 265 717 386 771; x_wconf 90' lang='lat' dir='ltr'>not.</span> <span class='ocrx_word' id='word_1_34' title='bbox 420 715 490 790; x_wconf 86' lang='lat'>†)</span> <span class='ocrx_word' id='word_1_35' title='bbox 538 713 854 790; x_wconf 76' lang='lat' dir='ltr'>epistulam</span> <span class='ocrx_word' id='word_1_36' title='bbox 902 717 1042 770; x_wconf 88' lang='lat' dir='ltr'>ante</span> <span class='ocrx_word' id='word_1_37' title='bbox 1086 731 1306 770; x_wconf 90' lang='lat' dir='ltr'>annum</span> <span class='ocrx_word' id='word_1_38' title='bbox 1349 711 1474 770; x_wconf 87' lang='lat'>547</span> <span class='ocrx_word' id='word_1_39' title='bbox 1510 710 1842 788; x_wconf 72' lang='lat' dir='ltr'>(of.·Soh611</span> <span class='ocrx_word' id='word_1_40' title='bbox 1872 717 1933 771; x_wconf 89' lang='lat' dir='ltr'>et</span> <span class='ocrx_word' id='word_1_41' title='bbox 1961 713 2041 771; x_wconf 88' lang='lat' dir='ltr'>H.</span> <span class='ocrx_word' id='word_1_42' title='bbox 2074 712 2193 771; x_wconf 89' lang='lat' dir='ltr'>and</span> <span class='ocrx_word' id='word_1_43' title='bbox 2225 711 2313 772; x_wconf 83' lang='lat' dir='ltr'>St.</span> <span class='ocrx_word' id='word_1_44' title='bbox 2344 715 2381 770; x_wconf 92' lang='lat' dir='ltr'>l.</span> <span class='ocrx_word' id='word_1_45' title='bbox 2416 716 2507 789; x_wconf 87' lang='lat' dir='ltr'>c.).</span> 
     </span>
     <span class='ocr_line' id='line_1_6' title="bbox 262 799 2509 881; baseline -0.001 -19"><span class='ocrx_word' id='word_1_46' title='bbox 262 802 432 862; x_wconf 82' lang='lat' dir='ltr'>Nam.</span> <span class='ocrx_word' id='word_1_47' title='bbox 480 821 632 876; x_wconf 90' lang='lat' dir='ltr'>quae</span> <span class='ocrx_word' id='word_1_48' title='bbox 691 807 932 880; x_wconf 85' lang='lat' dir='ltr'>praeter</span> <span class='ocrx_word' id='word_1_49' title='bbox 989 801 1134 860; x_wconf 90' lang='lat' dir='ltr'>haec</span> <span class='ocrx_word' id='word_1_50' title='bbox 1179 799 1393 860; x_wconf 78' lang='lat' dir='ltr'>Gildae</span> <span class='ocrx_word' id='word_1_51' title='bbox 1453 801 1675 878; x_wconf 89' lang='lat' dir='ltr'>scripta</span> <span class='ocrx_word' id='word_1_52' title='bbox 1736 806 1974 881; x_wconf 66' lang='lat' dir='ltr'>exstant</span> <span class='ocrx_word' id='word_1_53' title='bbox 2034 805 2161 877; x_wconf 88' lang='lat' dir='ltr'>ejus</span> <span class='ocrx_word' id='word_1_54' title='bbox 2222 801 2509 879; x_wconf 88' lang='lat' dir='ltr'>temporis</span> 
     </span>
     <span class='ocr_line' id='line_1_7' title="bbox 264 887 2505 968; baseline -0 -19"><span class='ocrx_word' id='word_1_55' title='bbox 264 889 624 963; x_wconf 87' lang='lat' dir='ltr'>testimonia,</span> <span class='ocrx_word' id='word_1_56' title='bbox 672 891 1078 968; x_wconf 76' lang='lat' dir='ltr'>epistularum,</span> <span class='ocrx_word' id='word_1_57' title='bbox 1127 909 1278 967; x_wconf 87' lang='lat' dir='ltr'>quae</span> <span class='ocrx_word' id='word_1_58' title='bbox 1311 887 1526 948; x_wconf 82' lang='lat' dir='ltr'>Gildae</span> <span class='ocrx_word' id='word_1_59' title='bbox 1571 889 1967 963; x_wconf 87' lang='lat' dir='ltr'>ascribuntur,</span> <span class='ocrx_word' id='word_1_60' title='bbox 2014 895 2075 948; x_wconf 91' lang='lat' dir='ltr'>et</span> <span class='ocrx_word' id='word_1_61' title='bbox 2118 890 2261 948; x_wconf 87' lang='lat' dir='ltr'><strong>libri</strong></span> <span class='ocrx_word' id='word_1_62' title='bbox 2304 891 2505 968; x_wconf 90' lang='lat' dir='ltr'>poeni-</span> 
     </span>
     <span class='ocr_line' id='line_1_8' title="bbox 264 975 2505 1057; baseline -0.001 -19"><span class='ocrx_word' id='word_1_63' title='bbox 264 979 532 1038; x_wconf 87' lang='lat' dir='ltr'>tentialis</span> <span class='ocrx_word' id='word_1_64' title='bbox 579 979 840 1055; x_wconf 87' lang='lat' dir='ltr'>ejusdem</span> <span class='ocrx_word' id='word_1_65' title='bbox 886 977 1172 1056; x_wconf 81' lang='lat' dir='ltr'>reliquiae</span> <span class='ocrx_word' id='word_1_66' title='bbox 1219 978 1324 1055; x_wconf 90' lang='grc' dir='ltr'>(Η.</span> <span class='ocrx_word' id='word_1_67' title='bbox 1375 978 1492 1036; x_wconf 90' lang='lat' dir='ltr'>and</span> <span class='ocrx_word' id='word_1_68' title='bbox 1539 977 1628 1036; x_wconf 82' lang='lat' dir='ltr'>St.</span> <span class='ocrx_word' id='word_1_69' title='bbox 1674 977 1727 1050; x_wconf 92' lang='grc' dir='ltr'>Ι,</span> <span class='ocrx_word' id='word_1_70' title='bbox 1772 1000 1833 1057; x_wconf 91' lang='lat' dir='ltr'>p.</span> <span class='ocrx_word' id='word_1_71' title='bbox 1881 979 2273 1055; x_wconf 80' lang='lat' dir='ltr'>los—115),</span> <span class='ocrx_word' id='word_1_72' title='bbox 2318 975 2505 1037; x_wconf 77' lang='lat' dir='ltr'>incer-</span> 
     </span>
     <span class='ocr_line' id='line_1_9' title="bbox 265 1067 2507 1143; baseline -0.001 -16"><span class='ocrx_word' id='word_1_73' title='bbox 265 1069 424 1128; x_wconf 88' lang='lat' dir='ltr'>tiora</span> <span class='ocrx_word' id='word_1_74' title='bbox 469 1067 616 1125; x_wconf 88' lang='lat' dir='ltr'>mihi</span> <span class='ocrx_word' id='word_1_75' title='bbox 647 1067 928 1128; x_wconf 82' lang='lat' dir='ltr'>videntur</span> <span class='ocrx_word' id='word_1_76' title='bbox 971 1087 1116 1140; x_wconf 90' lang='lat' dir='ltr'>esse,</span> <span class='ocrx_word' id='word_1_77' title='bbox 1164 1087 1342 1143; x_wconf 88' lang='lat' dir='ltr'>quam</span> <span class='ocrx_word' id='word_1_78' title='bbox 1374 1067 1589 1143; x_wconf 87' lang='lat' dir='ltr'>quibus</span> <span class='ocrx_word' id='word_1_79' title='bbox 1619 1067 1715 1132; x_wconf 85' lang='lat' dir='ltr'>hio</span> <span class='ocrx_word' id='word_1_80' title='bbox 1744 1073 2002 1141; x_wconf 89' lang='lat' dir='ltr'>utamur,</span> <span class='ocrx_word' id='word_1_81' title='bbox 2049 1073 2277 1127; x_wconf 87' lang='lat' dir='ltr'>statuta</span> <span class='ocrx_word' id='word_1_82' title='bbox 2308 1074 2507 1127; x_wconf 87' lang='lat' dir='ltr'>autem</span> 
     </span>
     <span class='ocr_line' id='line_1_10' title="bbox 265 1155 2507 1234; baseline -0.001 -18"><span class='ocrx_word' id='word_1_83' title='bbox 265 1156 591 1232; x_wconf 79' lang='lat' dir='ltr'>synodalia,</span> <span class='ocrx_word' id='word_1_84' title='bbox 625 1177 778 1233; x_wconf 87' lang='lat' dir='ltr'>quae</span> <span class='ocrx_word' id='word_1_85' title='bbox 807 1161 1262 1234; x_wconf 88' lang='lat' dir='ltr'>permanserunt</span> <span class='ocrx_word' id='word_1_86' title='bbox 1293 1156 1398 1232; x_wconf 79' lang='lat' dir='ltr'>(H.</span> <span class='ocrx_word' id='word_1_87' title='bbox 1424 1156 1541 1215; x_wconf 91' lang='lat' dir='ltr'>and</span> <span class='ocrx_word' id='word_1_88' title='bbox 1557 1155 1655 1215; x_wconf 79' lang='lat' dir='ltr'>St.</span> <span class='ocrx_word' id='word_1_89' title='bbox 1680 1155 1731 1229; x_wconf 93' lang='grc' dir='ltr'>Ι,</span> <span class='ocrx_word' id='word_1_90' title='bbox 1763 1176 1821 1232; x_wconf 91' lang='lat' dir='ltr'>p.</span> <span class='ocrx_word' id='word_1_91' title='bbox 1852 1157 2215 1230; x_wconf 82' lang='lat'>116—119,</span> <span class='ocrx_word' id='word_1_92' title='bbox 2240 1156 2507 1216; x_wconf 86' lang='lat' dir='ltr'>Wasser-</span> 
     </span>
     <span class='ocr_line' id='line_1_11' title="bbox 266 1244 2507 1323; baseline -0 -19"><span class='ocrx_word' id='word_1_93' title='bbox 266 1246 560 1318; x_wconf 86' lang='lat' dir='ltr'>schleben,</span> <span class='ocrx_word' id='word_1_94' title='bbox 607 1245 1128 1322; x_wconf 80' lang='lat' dir='ltr'>Bussordnungen,</span> <span class='ocrx_word' id='word_1_95' title='bbox 1175 1267 1233 1323; x_wconf 92' lang='lat' dir='ltr'>p.</span> <span class='ocrx_word' id='word_1_96' title='bbox 1287 1245 1411 1303; x_wconf 87' lang='lat'>103</span> <span class='ocrx_word' id='word_1_97' title='bbox 1459 1247 1572 1321; x_wconf 88' lang='lat' dir='ltr'>sq.)</span> <span class='ocrx_word' id='word_1_98' title='bbox 1619 1245 1695 1302; x_wconf 91' lang='lat' dir='ltr'>ad</span> <span class='ocrx_word' id='word_1_99' title='bbox 1741 1244 2157 1303; x_wconf 87' lang='lat' dir='ltr'>illustrandum</span> <span class='ocrx_word' id='word_1_100' title='bbox 2204 1245 2315 1302; x_wconf 88' lang='lat' dir='ltr'>hoc</span> <span class='ocrx_word' id='word_1_101' title='bbox 2360 1251 2507 1304; x_wconf 90' lang='lat' dir='ltr'>tem-</span> 
     </span>
     <span class='ocr_line' id='line_1_12' title="bbox 266 1333 2507 1412; baseline -0 -20"><span class='ocrx_word' id='word_1_102' title='bbox 266 1334 426 1412; x_wconf 90' lang='lat' dir='ltr'>poris</span> <span class='ocrx_word' id='word_1_103' title='bbox 473 1334 732 1411; x_wconf 87' lang='lat' dir='ltr'>spatium</span> <span class='ocrx_word' id='word_1_104' title='bbox 777 1355 990 1412; x_wconf 89' lang='lat' dir='ltr'>parum</span> <span class='ocrx_word' id='word_1_105' title='bbox 1033 1334 1320 1392; x_wconf 83' lang='lat' dir='ltr'>momenti</span> <span class='ocrx_word' id='word_1_106' title='bbox 1365 1333 1623 1392; x_wconf 84' lang='lat' dir='ltr'>afferunt</span> <span class='ocrx_word' id='word_1_107' title='bbox 1640 1378 1654 1406; x_wconf 93' lang='lat'>‚</span> <span class='ocrx_word' id='word_1_108' title='bbox 1701 1353 1811 1391; x_wconf 90' lang='lat' dir='ltr'>nec</span> <span class='ocrx_word' id='word_1_109' title='bbox 1854 1339 2053 1392; x_wconf 88' lang='lat' dir='ltr'>tamen</span> <span class='ocrx_word' id='word_1_110' title='bbox 2100 1335 2163 1392; x_wconf 92' lang='lat' dir='ltr'>in</span> <span class='ocrx_word' id='word_1_111' title='bbox 2210 1334 2309 1407; x_wconf 87' lang='lat' dir='ltr'>eis,</span> <span class='ocrx_word' id='word_1_112' title='bbox 2356 1354 2507 1410; x_wconf 91' lang='lat' dir='ltr'>quae</span> 
     </span>
     <span class='ocr_line' id='line_1_13' title="bbox 265 1421 2509 1501; baseline 0 -20"><span class='ocrx_word' id='word_1_113' title='bbox 265 1423 594 1501; x_wconf 87' lang='lat' dir='ltr'>proferam,</span> <span class='ocrx_word' id='word_1_114' title='bbox 663 1423 902 1482; x_wconf 91' lang='lat' dir='ltr'>omnino</span> <span class='ocrx_word' id='word_1_115' title='bbox 961 1423 1528 1500; x_wconf 76' lang='lat' dir='ltr'>praetermittentur.</span> <span class='ocrx_word' id='word_1_116' title='bbox 1592 1457 1676 1467; x_wconf 91' lang='grc'>--</span> <span class='ocrx_word' id='word_1_117' title='bbox 1738 1421 1977 1480; x_wconf 81' lang='lat' dir='ltr'>Gildam</span> <span class='ocrx_word' id='word_1_118' title='bbox 2040 1443 2180 1499; x_wconf 87' lang='lat' dir='ltr'>ergo</span> <span class='ocrx_word' id='word_1_119' title='bbox 2238 1423 2509 1500; x_wconf 87' lang='lat' dir='ltr'>inprimis</span> 
     </span>
     <span class='ocr_line' id='line_1_14' title="bbox 265 1510 2507 1591; baseline -0 -21"><span class='ocrx_word' id='word_1_120' title='bbox 265 1517 732 1590; x_wconf 78' lang='lat' dir='ltr'>perscrutemur,</span> <span class='ocrx_word' id='word_1_121' title='bbox 769 1518 988 1591; x_wconf 72' lang='lat' dir='ltr'>,utpote</span> <span class='ocrx_word' id='word_1_122' title='bbox 1036 1512 1137 1587; x_wconf 91' lang='lat' dir='ltr'>qui</span> <span class='ocrx_word' id='word_1_123' title='bbox 1183 1531 1335 1570; x_wconf 90' lang='lat' dir='ltr'>unus</span> <span class='ocrx_word' id='word_1_124' title='bbox 1381 1513 1454 1570; x_wconf 90' lang='lat' dir='ltr'>de</span> <span class='ocrx_word' id='word_1_125' title='bbox 1501 1511 1773 1570; x_wconf 91' lang='lat' dir='ltr'>omnibus</span> <span class='ocrx_word' id='word_1_126' title='bbox 1818 1510 2135 1570; x_wconf 89' lang='lat' dir='ltr'>Britonum</span> <span class='ocrx_word' id='word_1_127' title='bbox 2181 1511 2507 1590; x_wconf 88' lang='lat' dir='ltr'>provinciis</span> 
     </span>
     <span class='ocr_line' id='line_1_15' title="bbox 265 1599 2509 1679; baseline -0 -20"><span class='ocrx_word' id='word_1_128' title='bbox 265 1621 373 1659; x_wconf 90' lang='lat' dir='ltr'>nos</span> <span class='ocrx_word' id='word_1_129' title='bbox 421 1601 681 1660; x_wconf 89' lang='lat' dir='ltr'>edoceat.</span> <span class='ocrx_word' id='word_1_130' title='bbox 755 1599 1080 1679; x_wconf 85' lang='lat' dir='ltr'>Complura</span> <span class='ocrx_word' id='word_1_131' title='bbox 1125 1601 1281 1659; x_wconf 90' lang='lat' dir='ltr'>enim</span> <span class='ocrx_word' id='word_1_132' title='bbox 1327 1606 1466 1679; x_wconf 92' lang='lat' dir='ltr'>post</span> <span class='ocrx_word' id='word_1_133' title='bbox 1507 1599 1914 1659; x_wconf 85' lang='lat' dir='ltr'>Romanorum</span> <span class='ocrx_word' id='word_1_134' title='bbox 1960 1599 2278 1660; x_wconf 77' lang='lat' dir='ltr'>discessum</span> <span class='ocrx_word' id='word_1_135' title='bbox 2324 1621 2509 1676; x_wconf 85' lang='lat' dir='ltr'>regna</span> 
     </span>
     <span class='ocr_line' id='line_1_16' title="bbox 267 1688 2506 1767; baseline -0 -19"><span class='ocrx_word' id='word_1_136' title='bbox 267 1689 592 1754; x_wconf 88' lang='lat' dir='ltr'>constituta</span> <span class='ocrx_word' id='word_1_137' title='bbox 652 1695 790 1748; x_wconf 86' lang='lat' dir='ltr'>suut</span> <span class='ocrx_word' id='word_1_138' title='bbox 849 1691 911 1747; x_wconf 94' lang='lat' dir='ltr'>in</span> <span class='ocrx_word' id='word_1_139' title='bbox 972 1689 1338 1748; x_wconf 90' lang='lat' dir='ltr'>Britonibus.</span> <span class='ocrx_word' id='word_1_140' title='bbox 1445 1688 1767 1767; x_wconf 82' lang='lat' dir='ltr'>Complura</span> <span class='ocrx_word' id='word_1_141' title='bbox 1838 1693 2007 1748; x_wconf 85' lang='lat' dir='ltr'>erant</span> <span class='ocrx_word' id='word_1_142' title='bbox 2074 1690 2138 1747; x_wconf 90' lang='lat' dir='ltr'>in</span> <span class='ocrx_word' id='word_1_143' title='bbox 2209 1688 2506 1762; x_wconf 82' lang='lat' dir='ltr'>Cambria,</span> 
     </span>
     <span class='ocr_line' id='line_1_17' title="bbox 269 1777 2507 1856; baseline -0.001 -20"><span class='ocrx_word' id='word_1_144' title='bbox 269 1799 520 1856; x_wconf 87' lang='lat' dir='ltr'>quorum</span> <span class='ocrx_word' id='word_1_145' title='bbox 579 1778 990 1856; x_wconf 87' lang='lat' dir='ltr'>potentissima</span> <span class='ocrx_word' id='word_1_146' title='bbox 1037 1783 1208 1837; x_wconf 88' lang='lat' dir='ltr'>erant</span> <span class='ocrx_word' id='word_1_147' title='bbox 1251 1797 1499 1854; x_wconf 84' lang='lat' dir='ltr'>regnum</span> <span class='ocrx_word' id='word_1_148' title='bbox 1544 1777 1857 1836; x_wconf 91' lang='lat' dir='ltr'>Demetiae</span> <span class='ocrx_word' id='word_1_149' title='bbox 1902 1777 1965 1834; x_wconf 92' lang='lat' dir='ltr'>in</span> <span class='ocrx_word' id='word_1_150' title='bbox 2012 1777 2291 1838; x_wconf 85' lang='lat' dir='ltr'>Cambria</span> <span class='ocrx_word' id='word_1_151' title='bbox 2337 1777 2507 1835; x_wconf 90' lang='lat' dir='ltr'>meri-</span> 
     </span>
     <span class='ocr_line' id='line_1_18' title="bbox 266 1866 2505 1944; baseline -0.001 -18"><span class='ocrx_word' id='word_1_152' title='bbox 266 1867 492 1926; x_wconf 89' lang='lat' dir='ltr'>dionali</span> <span class='ocrx_word' id='word_1_153' title='bbox 537 1874 600 1925; x_wconf 89' lang='lat' dir='ltr'>et</span> <span class='ocrx_word' id='word_1_154' title='bbox 644 1887 891 1944; x_wconf 82' lang='lat' dir='ltr'>regnum</span> <span class='ocrx_word' id='word_1_155' title='bbox 939 1866 1249 1944; x_wconf 81' lang='lat' dir='ltr'>Gywnedd</span> <span class='ocrx_word' id='word_1_156' title='bbox 1293 1867 1356 1924; x_wconf 92' lang='lat' dir='ltr'>in</span> <span class='ocrx_word' id='word_1_157' title='bbox 1403 1866 1887 1944; x_wconf 88' lang='lat' dir='ltr'>septentrionali,</span> <span class='ocrx_word' id='word_1_158' title='bbox 1934 1867 2179 1925; x_wconf 87' lang='lat' dir='ltr'>tertium</span> <span class='ocrx_word' id='word_1_159' title='bbox 2225 1867 2288 1924; x_wconf 91' lang='lat' dir='ltr'>in</span> <span class='ocrx_word' id='word_1_160' title='bbox 2334 1867 2505 1924; x_wconf 90' lang='lat' dir='ltr'>meri-</span> 
     </span>
     <span class='ocr_line' id='line_1_19' title="bbox 267 1955 2509 2034; baseline -0.001 -20"><span class='ocrx_word' id='word_1_161' title='bbox 267 1955 491 2014; x_wconf 90' lang='lat' dir='ltr'>dionali</span> <span class='ocrx_word' id='word_1_162' title='bbox 520 1955 838 2015; x_wconf 77' lang='lat' dir='ltr'>Britannia</span> <span class='ocrx_word' id='word_1_163' title='bbox 885 1976 1128 2034; x_wconf 88' lang='lat' dir='ltr'>regnum</span> <span class='ocrx_word' id='word_1_164' title='bbox 1154 1957 1544 2028; x_wconf 88' lang='lat' dir='ltr'>Damnoniae,</span> <span class='ocrx_word' id='word_1_165' title='bbox 1594 1961 1891 2033; x_wconf 89' lang='lat' dir='ltr'>quartum,</span> <span class='ocrx_word' id='word_1_166' title='bbox 1940 1959 2105 2032; x_wconf 87' lang='lat' dir='ltr'>cujus</span> <span class='ocrx_word' id='word_1_167' title='bbox 2150 1960 2332 2033; x_wconf 88' lang='lat' dir='ltr'>caput</span> <span class='ocrx_word' id='word_1_168' title='bbox 2378 1961 2509 2013; x_wconf 91' lang='lat' dir='ltr'>erat</span> 
     </span>
     <span class='ocr_line' id='line_1_20' title="bbox 266 2035 2507 2121; baseline -0.001 -19"><span class='ocrx_word' id='word_1_169' title='bbox 266 2044 538 2103; x_wconf 87' lang='lat' dir='ltr'>Aloluith</span> <span class='ocrx_word' id='word_1_170' title='bbox 585 2045 782 2121; x_wconf 92' lang='lat' dir='ltr'>(hodie</span> <span class='ocrx_word' id='word_1_171' title='bbox 815 2040 1234 2120; x_wconf 72' lang='lat' dir='ltr'>Dumbarton),</span> <span class='ocrx_word' id='word_1_172' title='bbox 1281 2045 1344 2102; x_wconf 91' lang='lat' dir='ltr'>in</span> <span class='ocrx_word' id='word_1_173' title='bbox 1391 2035 1721 2106; x_wconf 78' lang='lat' dir='ltr'>confinibus</span> <span class='ocrx_word' id='word_1_174' title='bbox 1754 2043 1992 2104; x_wconf 84' lang='lat' dir='ltr'>Scotiae</span> <span class='ocrx_word' id='word_1_175' title='bbox 2038 2050 2099 2103; x_wconf 92' lang='lat' dir='ltr'>et</span> <span class='ocrx_word' id='word_1_176' title='bbox 2135 2043 2507 2116; x_wconf 85' lang='lat' dir='ltr'>Britanniae,</span> 
     </span>
     <span class='ocr_line' id='line_1_21' title="bbox 267 2132 2505 2211; baseline -0.001 -19"><span class='ocrx_word' id='word_1_177' title='bbox 267 2155 418 2210; x_wconf 90' lang='lat' dir='ltr'>quae</span> <span class='ocrx_word' id='word_1_178' title='bbox 465 2153 623 2192; x_wconf 90' lang='lat' dir='ltr'>nunc</span> <span class='ocrx_word' id='word_1_179' title='bbox 665 2139 818 2207; x_wconf 85' lang='lat' dir='ltr'>sunt,</span> <span class='ocrx_word' id='word_1_180' title='bbox 865 2154 1114 2211; x_wconf 89' lang='lat' dir='ltr'>regnum</span> <span class='ocrx_word' id='word_1_181' title='bbox 1161 2153 1363 2192; x_wconf 87' lang='lat' dir='ltr'>eorum</span> <span class='ocrx_word' id='word_1_182' title='bbox 1407 2133 1743 2206; x_wconf 86' lang='lat' dir='ltr'>Britonum,</span> <span class='ocrx_word' id='word_1_183' title='bbox 1792 2133 1897 2210; x_wconf 90' lang='lat' dir='ltr'>qui</span> <span class='ocrx_word' id='word_1_184' title='bbox 1939 2133 2197 2192; x_wconf 86' lang='lat' dir='ltr'>Romani</span> <span class='ocrx_word' id='word_1_185' title='bbox 2243 2132 2505 2210; x_wconf 88' lang='lat' dir='ltr'>appella·</span> 
     </span>
     <span class='ocr_line' id='line_1_22' title="bbox 265 2220 2505 2300; baseline -0.001 -19"><span class='ocrx_word' id='word_1_186' title='bbox 265 2224 518 2295; x_wconf 85' lang='lat' dir='ltr'>bantur,</span> <span class='ocrx_word' id='word_1_187' title='bbox 589 2223 840 2299; x_wconf 89' lang='lat' dir='ltr'>denique</span> <span class='ocrx_word' id='word_1_188' title='bbox 901 2224 1020 2281; x_wconf 86' lang='lat' dir='ltr'>alia</span> <span class='ocrx_word' id='word_1_189' title='bbox 1061 2223 1310 2280; x_wconf 80' lang='lat' dir='ltr'>&#39;minora</span> <span class='ocrx_word' id='word_1_190' title='bbox 1356 2223 1454 2299; x_wconf 85' lang='lat' dir='ltr'>(cf.</span> <span class='ocrx_word' id='word_1_191' title='bbox 1499 2221 1751 2300; x_wconf 87' lang='lat' dir='ltr'>Bright,</span> <span class='ocrx_word' id='word_1_192' title='bbox 1820 2244 1878 2300; x_wconf 90' lang='lat' dir='ltr'>p.</span> <span class='ocrx_word' id='word_1_193' title='bbox 1929 2225 2041 2295; x_wconf 77' lang='lat'>273</span> <span class='ocrx_word' id='word_1_194' title='bbox 2109 2221 2304 2280; x_wconf 83' lang='lat' dir='ltr'>Skene</span> <span class='ocrx_word' id='word_1_195' title='bbox 2349 2220 2400 2294; x_wconf 94' lang='grc' dir='ltr'>Ι,</span> <span class='ocrx_word' id='word_1_196' title='bbox 2447 2242 2505 2298; x_wconf 91' lang='lat' dir='ltr'>p.</span> 
     </span>
     <span class='ocr_line' id='line_1_23' title="bbox 269 2311 574 2388; baseline 0 -20"><span class='ocrx_word' id='word_1_197' title='bbox 269 2311 396 2369; x_wconf 79' lang='lat'>235</span> <span class='ocrx_word' id='word_1_198' title='bbox 445 2314 574 2388; x_wconf 86' lang='lat' dir='ltr'>sq.).</span> 
     </span>
    </p>

    <p class='ocr_par' dir='ltr' id='par_1_3' title="bbox 268 2399 2509 2832">
     <span class='ocr_line' id='line_1_24' title="bbox 447 2399 2507 2477; baseline 0 -18"><span class='ocrx_word' id='word_1_199' title='bbox 447 2399 565 2459; x_wconf 82' lang='lat' dir='ltr'>Sed</span> <span class='ocrx_word' id='word_1_200' title='bbox 597 2399 962 2477; x_wconf 88' lang='lat' dir='ltr'>singulorum</span> <span class='ocrx_word' id='word_1_201' title='bbox 993 2400 1276 2460; x_wconf 86' lang='lat' dir='ltr'>historiae</span> <span class='ocrx_word' id='word_1_202' title='bbox 1307 2401 1602 2459; x_wconf 91' lang='lat' dir='ltr'>rationem</span> <span class='ocrx_word' id='word_1_203' title='bbox 1630 2400 1849 2459; x_wconf 89' lang='lat' dir='ltr'>habere</span> <span class='ocrx_word' id='word_1_204' title='bbox 1894 2403 2097 2459; x_wconf 91' lang='lat' dir='ltr'>nostra</span> <span class='ocrx_word' id='word_1_205' title='bbox 2142 2419 2281 2458; x_wconf 91' lang='lat' dir='ltr'>non·</span> <span class='ocrx_word' id='word_1_206' title='bbox 2306 2400 2507 2473; x_wconf 85' lang='lat' dir='ltr'>refert,</span> 
     </span>
     <span class='ocr_line' id='line_1_25' title="bbox 268 2489 2507 2567; baseline -0 -20"><span class='ocrx_word' id='word_1_207' title='bbox 268 2489 624 2567; x_wconf 85' lang='lat' dir='ltr'>praesertim</span> <span class='ocrx_word' id='word_1_208' title='bbox 655 2510 785 2548; x_wconf 92' lang='lat' dir='ltr'>cum</span> <span class='ocrx_word' id='word_1_209' title='bbox 818 2510 970 2565; x_wconf 90' lang='lat' dir='ltr'>quae</span> <span class='ocrx_word' id='word_1_210' title='bbox 1003 2490 1074 2547; x_wconf 90' lang='lat' dir='ltr'>de</span> <span class='ocrx_word' id='word_1_211' title='bbox 1121 2489 1370 2566; x_wconf 78' lang='lat' dir='ltr'>singulis</span> <span class='ocrx_word' id='word_1_212' title='bbox 1417 2494 1695 2548; x_wconf 88' lang='lat' dir='ltr'>constant</span> <span class='ocrx_word' id='word_1_213' title='bbox 1740 2490 1835 2548; x_wconf 81' lang='lat' dir='ltr'>vel</span> <span class='ocrx_word' id='word_1_214' title='bbox 1884 2495 2155 2567; x_wconf 83' lang='lat' dir='ltr'>constare</span> <span class='ocrx_word' id='word_1_215' title='bbox 2199 2495 2507 2565; x_wconf 88' lang='lat' dir='ltr'>putantur,</span> 
     </span>
     <span class='ocr_line' id='line_1_26' title="bbox 268 2578 2507 2656; baseline -0.001 -20"><span class='ocrx_word' id='word_1_216' title='bbox 268 2579 541 2637; x_wconf 89' lang='lat' dir='ltr'>nitantur</span> <span class='ocrx_word' id='word_1_217' title='bbox 569 2579 632 2636; x_wconf 91' lang='lat' dir='ltr'>in</span> <span class='ocrx_word' id='word_1_218' title='bbox 663 2578 1052 2655; x_wconf 81' lang='lat' dir='ltr'>scriptoribus</span> <span class='ocrx_word' id='word_1_219' title='bbox 1083 2578 1188 2635; x_wconf 91' lang='lat' dir='ltr'>illa</span> <span class='ocrx_word' id='word_1_220' title='bbox 1217 2579 1348 2656; x_wconf 90' lang='lat' dir='ltr'>ipsa</span> <span class='ocrx_word' id='word_1_221' title='bbox 1379 2583 1576 2636; x_wconf 87' lang='lat' dir='ltr'>aetate</span> <span class='ocrx_word' id='word_1_222' title='bbox 1624 2579 1797 2653; x_wconf 85' lang='lat' dir='ltr'>longe</span> <span class='ocrx_word' id='word_1_223' title='bbox 1844 2578 2236 2635; x_wconf 76' lang='lat' dir='ltr'>inferioribus,</span> <span class='ocrx_word' id='word_1_224' title='bbox 2298 2578 2507 2654; x_wconf 87' lang='lat' dir='ltr'>Neque</span> 
     </span>
     <span class='ocr_line' id='line_1_27' title="bbox 270 2665 2509 2744; baseline -0.001 -19"><span class='ocrx_word' id='word_1_225' title='bbox 270 2666 480 2725; x_wconf 79' lang='lat' dir='ltr'>Gildas</span> <span class='ocrx_word' id='word_1_226' title='bbox 509 2667 583 2725; x_wconf 90' lang='lat' dir='ltr'>de</span> <span class='ocrx_word' id='word_1_227' title='bbox 615 2666 862 2743; x_wconf 87' lang='lat' dir='ltr'>singulis</span> <span class='ocrx_word' id='word_1_228' title='bbox 903 2667 1268 2744; x_wconf 84' lang='lat' dir='ltr'>singularum</span> <span class='ocrx_word' id='word_1_229' title='bbox 1315 2668 1621 2743; x_wconf 85' lang='lat' dir='ltr'>regionum</span> <span class='ocrx_word' id='word_1_230' title='bbox 1669 2665 1928 2725; x_wconf 88' lang='lat' dir='ltr'>ecclesiis</span> <span class='ocrx_word' id='word_1_231' title='bbox 1974 2666 2157 2725; x_wconf 85' lang='lat' dir='ltr'>verba</span> <span class='ocrx_word' id='word_1_232' title='bbox 2201 2665 2358 2739; x_wconf 86' lang='lat' dir='ltr'>fecit,</span> <span class='ocrx_word' id='word_1_233' title='bbox 2406 2665 2509 2725; x_wconf 91' lang='lat' dir='ltr'>sed</span> 
     </span>
     <span class='ocr_line' id='line_1_28' title="bbox 269 2755 2187 2832; baseline 0.001 -20"><span class='ocrx_word' id='word_1_234' title='bbox 269 2755 331 2813; x_wconf 89' lang='lat' dir='ltr'>in</span> <span class='ocrx_word' id='word_1_235' title='bbox 375 2756 716 2815; x_wconf 84' lang='lat' dir='ltr'>universum</span> <span class='ocrx_word' id='word_1_236' title='bbox 763 2755 1045 2832; x_wconf 89' lang='lat' dir='ltr'>loquitur.</span> <span class='ocrx_word' id='word_1_237' title='bbox 1135 2755 1268 2829; x_wconf 73' lang='lat' dir='ltr'>Quo</span> <span class='ocrx_word' id='word_1_238' title='bbox 1313 2756 1597 2814; x_wconf 89' lang='lat' dir='ltr'>libentius</span> <span class='ocrx_word' id='word_1_239' title='bbox 1647 2774 1821 2813; x_wconf 86' lang='lat' dir='ltr'>aures</span> <span class='ocrx_word' id='word_1_240' title='bbox 1866 2756 1920 2813; x_wconf 91' lang='lat' dir='ltr'>ei</span> <span class='ocrx_word' id='word_1_241' title='bbox 1968 2756 2187 2813; x_wconf 89' lang='lat' dir='ltr'>demus.</span> 
     </span>
    </p>

    <p class='ocr_par' dir='ltr' id='par_1_4' title="bbox 267 2842 2510 3633">
     <span class='ocr_line' id='line_1_29' title="bbox 448 2842 2509 2923; baseline 0 -21"><span class='ocrx_word' id='word_1_242' title='bbox 448 2843 755 2915; x_wconf 87' lang='lat' dir='ltr'>Attamen,</span> <span class='ocrx_word' id='word_1_243' title='bbox 802 2845 854 2907; x_wconf 79' lang='lat' dir='ltr'>si</span> <span class='ocrx_word' id='word_1_244' title='bbox 899 2864 1266 2921; x_wconf 88' lang='lat' dir='ltr'>speraremus</span> <span class='ocrx_word' id='word_1_245' title='bbox 1311 2844 1453 2918; x_wconf 86' lang='lat' dir='ltr'>fore,</span> <span class='ocrx_word' id='word_1_246' title='bbox 1507 2850 1576 2903; x_wconf 86' lang='lat' dir='ltr'>ut</span> <span class='ocrx_word' id='word_1_247' title='bbox 1626 2842 1835 2902; x_wconf 83' lang='lat' dir='ltr'>Gildas</span> <span class='ocrx_word' id='word_1_248' title='bbox 1879 2844 2074 2923; x_wconf 90' lang='lat' dir='ltr'>planis</span> <span class='ocrx_word' id='word_1_249' title='bbox 2120 2864 2191 2903; x_wconf 89' lang='lat' dir='ltr'>ac</span> <span class='ocrx_word' id='word_1_250' title='bbox 2235 2843 2509 2903; x_wconf 87' lang='lat' dir='ltr'>dilucidis</span> 
     </span>
     <span class='ocr_line' id='line_1_30' title="bbox 270 2932 2509 3009; baseline -0.001 -16"><span class='ocrx_word' id='word_1_251' title='bbox 270 2932 470 2993; x_wconf 87' lang='lat' dir='ltr'>verbis</span> <span class='ocrx_word' id='word_1_252' title='bbox 519 2932 797 2991; x_wconf 88' lang='lat' dir='ltr'>ecclesiae</span> <span class='ocrx_word' id='word_1_253' title='bbox 858 2932 1072 2993; x_wconf 87' lang='lat' dir='ltr'>aetatis</span> <span class='ocrx_word' id='word_1_254' title='bbox 1132 2953 1272 2991; x_wconf 89' lang='lat' dir='ltr'>suae</span> <span class='ocrx_word' id='word_1_255' title='bbox 1330 2932 1651 3009; x_wconf 88' lang='lat' dir='ltr'>imaginem</span> <span class='ocrx_word' id='word_1_256' title='bbox 1712 2932 1883 2991; x_wconf 90' lang='lat' dir='ltr'>nobis</span> <span class='ocrx_word' id='word_1_257' title='bbox 1946 2933 2257 3009; x_wconf 85' lang='lat' dir='ltr'>effingeret</span> <span class='ocrx_word' id='word_1_258' title='bbox 2270 2977 2285 3006; x_wconf 95' lang='lat'>,</span> <span class='ocrx_word' id='word_1_259' title='bbox 2353 2952 2509 2991; x_wconf 85' lang='lat' dir='ltr'>vana</span> 
     </span>
     <span class='ocr_line' id='line_1_31' title="bbox 267 3020 2507 3099; baseline -0.002 -18"><span class='ocrx_word' id='word_1_260' title='bbox 267 3043 372 3099; x_wconf 86' lang='lat' dir='ltr'>spe</span> <span class='ocrx_word' id='word_1_261' title='bbox 427 3027 780 3079; x_wconf 86' lang='lat' dir='ltr'>teneremur.</span> <span class='ocrx_word' id='word_1_262' title='bbox 871 3022 1023 3082; x_wconf 86' lang='lat' dir='ltr'>Nam</span> <span class='ocrx_word' id='word_1_263' title='bbox 1079 3041 1198 3080; x_wconf 91' lang='lat' dir='ltr'>non</span> <span class='ocrx_word' id='word_1_264' title='bbox 1252 3022 1378 3079; x_wconf 90' lang='lat' dir='ltr'>sine</span> <span class='ocrx_word' id='word_1_265' title='bbox 1439 3022 1665 3099; x_wconf 91' lang='lat' dir='ltr'>optimo</span> <span class='ocrx_word' id='word_1_266' title='bbox 1719 3024 1854 3096; x_wconf 87' lang='lat' dir='ltr'>jure</span> <span class='ocrx_word' id='word_1_267' title='bbox 1900 3020 2115 3079; x_wconf 78' lang='lat' dir='ltr'>Gildae</span> <span class='ocrx_word' id='word_1_268' title='bbox 2160 3021 2233 3079; x_wconf 89' lang='lat' dir='ltr'>de</span> <span class='ocrx_word' id='word_1_269' title='bbox 2280 3020 2507 3079; x_wconf 86' lang='lat' dir='ltr'>excidio</span> 
     </span>
     <span class='ocr_line' id='line_1_32' title="bbox 268 3109 2509 3185; baseline -0.001 -16"><span class='ocrx_word' id='word_1_270' title='bbox 268 3109 622 3169; x_wconf 89' lang='lat' dir='ltr'>Britanniae</span> <span class='ocrx_word' id='word_1_271' title='bbox 686 3110 922 3168; x_wconf 89' lang='lat' dir='ltr'>libellus</span> <span class='ocrx_word' id='word_1_272' title='bbox 997 3109 1188 3183; x_wconf 86' lang='lat' dir='ltr'>„liber</span> <span class='ocrx_word' id='word_1_273' title='bbox 1245 3110 1560 3185; x_wconf 85' lang='lat' dir='ltr'>querulus“</span> <span class='ocrx_word' id='word_1_274' title='bbox 1636 3110 1971 3185; x_wconf 88' lang='lat' dir='ltr'>appellatus</span> <span class='ocrx_word' id='word_1_275' title='bbox 2040 3115 2161 3167; x_wconf 87' lang='lat' dir='ltr'>est:</span> <span class='ocrx_word' id='word_1_276' title='bbox 2239 3110 2509 3184; x_wconf 85' lang='lat' dir='ltr'>querelas</span> 
     </span>
     <span class='ocr_line' id='line_1_33' title="bbox 269 3196 2509 3276; baseline -0.001 -19"><span class='ocrx_word' id='word_1_277' title='bbox 269 3197 539 3258; x_wconf 88' lang='lat' dir='ltr'>continet</span> <span class='ocrx_word' id='word_1_278' title='bbox 597 3198 846 3258; x_wconf 90' lang='lat' dir='ltr'>historia</span> <span class='ocrx_word' id='word_1_279' title='bbox 861 3242 875 3271; x_wconf 91' lang='lat'>,</span> <span class='ocrx_word' id='word_1_280' title='bbox 945 3198 1214 3274; x_wconf 86' lang='lat' dir='ltr'>querelas</span> <span class='ocrx_word' id='word_1_281' title='bbox 1277 3197 1548 3276; x_wconf 84' lang='lat' dir='ltr'>epistula.</span> <span class='ocrx_word' id='word_1_282' title='bbox 1640 3196 1759 3255; x_wconf 84' lang='lat' dir='ltr'>Sed</span> <span class='ocrx_word' id='word_1_283' title='bbox 1803 3216 2125 3275; x_wconf 86' lang='lat' dir='ltr'>numquam</span> <span class='ocrx_word' id='word_1_284' title='bbox 2174 3217 2205 3254; x_wconf 93' lang='lat' dir='ltr'>e</span> <span class='ocrx_word' id='word_1_285' title='bbox 2254 3197 2509 3273; x_wconf 85' lang='lat' dir='ltr'>querelis</span> 
     </span>
     <span class='ocr_line' id='line_1_34' title="bbox 269 3284 2509 3364; baseline -0.001 -19"><span class='ocrx_word' id='word_1_286' title='bbox 269 3308 487 3360; x_wconf 90' lang='lat' dir='ltr'>eorum,</span> <span class='ocrx_word' id='word_1_287' title='bbox 536 3287 640 3363; x_wconf 90' lang='lat' dir='ltr'>qui</span> <span class='ocrx_word' id='word_1_288' title='bbox 670 3288 955 3364; x_wconf 87' lang='lat' dir='ltr'>neglectis</span> <span class='ocrx_word' id='word_1_289' title='bbox 994 3307 1181 3363; x_wconf 89' lang='lat' dir='ltr'>paene</span> <span class='ocrx_word' id='word_1_290' title='bbox 1221 3306 1361 3345; x_wconf 87' lang='lat' dir='ltr'>suae</span> <span class='ocrx_word' id='word_1_291' title='bbox 1406 3284 1623 3345; x_wconf 88' lang='lat' dir='ltr'>aetatis</span> <span class='ocrx_word' id='word_1_292' title='bbox 1668 3285 1992 3345; x_wconf 81' lang='lat' dir='ltr'>virtutibus</span> <span class='ocrx_word' id='word_1_293' title='bbox 2036 3285 2315 3345; x_wconf 81' lang='lat' dir='ltr'>videntur</span> <span class='ocrx_word' id='word_1_294' title='bbox 2358 3284 2509 3343; x_wconf 90' lang='lat' dir='ltr'>nihil</span> 
     </span>
     <span class='ocr_line' id='line_1_35' title="bbox 268 3374 2509 3453; baseline -0.001 -19"><span class='ocrx_word' id='word_1_295' title='bbox 268 3378 610 3435; x_wconf 84' lang='lat' dir='ltr'>observasse</span> <span class='ocrx_word' id='word_1_296' title='bbox 655 3376 770 3434; x_wconf 90' lang='lat' dir='ltr'>nisi</span> <span class='ocrx_word' id='word_1_297' title='bbox 817 3396 968 3451; x_wconf 88' lang='lat' dir='ltr'>quae</span> <span class='ocrx_word' id='word_1_298' title='bbox 1014 3375 1410 3453; x_wconf 75' lang='lat' dir='ltr'>vituperanda·</span> <span class='ocrx_word' id='word_1_299' title='bbox 1453 3380 1653 3433; x_wconf 90' lang='lat' dir='ltr'>essent</span> <span class='ocrx_word' id='word_1_300' title='bbox 1697 3374 1761 3433; x_wconf 92' lang='lat' dir='ltr'>in</span> <span class='ocrx_word' id='word_1_301' title='bbox 1806 3376 2181 3451; x_wconf 89' lang='lat' dir='ltr'>aequalibus,</span> <span class='ocrx_word' id='word_1_302' title='bbox 2252 3394 2393 3433; x_wconf 86' lang='lat' dir='ltr'>vera</span> <span class='ocrx_word' id='word_1_303' title='bbox 2440 3394 2509 3433; x_wconf 90' lang='grc'>66</span> 
     </span>
     <span class='ocr_line' id='line_1_36' title="bbox 267 3463 2510 3542; baseline -0 -20"><span class='ocrx_word' id='word_1_304' title='bbox 267 3466 534 3542; x_wconf 88' lang='lat' dir='ltr'>perfecta</span> <span class='ocrx_word' id='word_1_305' title='bbox 587 3465 1044 3542; x_wconf 87' lang='lat' dir='ltr'>praeteritorum</span> <span class='ocrx_word' id='word_1_306' title='bbox 1097 3471 1434 3542; x_wconf 89' lang='lat' dir='ltr'>temporum</span> <span class='ocrx_word' id='word_1_307' title='bbox 1480 3463 1698 3522; x_wconf 89' lang='lat' dir='ltr'>notitia</span> <span class='ocrx_word' id='word_1_308' title='bbox 1742 3465 2067 3523; x_wconf 87' lang='lat' dir='ltr'>haurietur.</span> <span class='ocrx_word' id='word_1_309' title='bbox 2158 3463 2510 3541; x_wconf 87' lang='lat' dir='ltr'>Nigerrimis</span> 
     </span>
     <span class='ocr_line' id='line_1_37' title="bbox 269 3549 2510 3633; baseline -0.001 -22"><span class='ocrx_word' id='word_1_310' title='bbox 269 3572 410 3611; x_wconf 84' lang='lat' dir='ltr'>vero</span> <span class='ocrx_word' id='word_1_311' title='bbox 459 3553 750 3611; x_wconf 89' lang='lat' dir='ltr'>coloribus</span> <span class='ocrx_word' id='word_1_312' title='bbox 792 3552 1002 3611; x_wconf 75' lang='lat' dir='ltr'>Gildas</span> <span class='ocrx_word' id='word_1_313' title='bbox 1048 3554 1382 3629; x_wconf 87' lang='lat' dir='ltr'>aequalium</span> <span class='ocrx_word' id='word_1_314' title='bbox 1425 3573 1618 3611; x_wconf 88' lang='lat' dir='ltr'>mores</span> <span class='ocrx_word' id='word_1_315' title='bbox 1665 3552 1952 3631; x_wconf 84' lang='lat' dir='ltr'>depinxit.</span> <span class='ocrx_word' id='word_1_316' title='bbox 2044 3549 2250 3633; x_wconf 72' lang='lat' dir='ltr'>Reqes,</span> <span class='ocrx_word' id='word_1_317' title='bbox 2296 3552 2510 3629; x_wconf 88' lang='lat' dir='ltr'>inquit,</span> 
     </span>
    </p>
   </div>
   <div class='ocr_carea' id='block_1_3' title="bbox 3120 33 3124 1274">
    <p class='ocr_par' dir='ltr' id='par_1_5' title="bbox 3120 33 3124 1274">
     <span class='ocr_line' id='line_1_38' title="bbox 3120 33 3124 1274; baseline 0 0"><span class='ocrx_word' id='word_1_318' title='bbox 3120 33 3124 1274; x_wconf 95' lang='lat' dir='ltr'> </span> 
     </span>
    </p>
   </div>
   <div class='ocr_carea' id='block_1_4' title="bbox 269 3634 2623 3723">
    <p class='ocr_par' dir='ltr' id='par_1_6' title="bbox 269 3634 2623 3723">
     <span class='ocr_line' id='line_1_39' title="bbox 269 3634 2623 3723; baseline 0 -24"><span class='ocrx_word' id='word_1_319' title='bbox 269 3638 438 3699; x_wconf 75' lang='lat' dir='ltr'>hahet</span> <span class='ocrx_word' id='word_1_320' title='bbox 481 3634 864 3711; x_wconf 67' lang='lat' dir='ltr'>Britanniae,</span> <span class='ocrx_word' id='word_1_321' title='bbox 911 3640 1015 3701; x_wconf 81' lang='lat' dir='ltr'>sed</span> <span class='ocrx_word' id='word_1_322' title='bbox 1059 3650 1364 3720; x_wconf 75' lang='lat' dir='ltr'>tyrannos,</span> <span class='ocrx_word' id='word_1_323' title='bbox 1420 3637 1651 3721; x_wconf 80' lang='lat' dir='ltr'>judiees</span> <span class='ocrx_word' id='word_1_324' title='bbox 1695 3638 1887 3713; x_wconf 75' lang='lat' dir='ltr'>habet,</span> <span class='ocrx_word' id='word_1_325' title='bbox 1935 3640 2037 3701; x_wconf 77' lang='lat' dir='ltr'>sed</span> <span class='ocrx_word' id='word_1_326' title='bbox 2080 3638 2319 3723; x_wconf 80' lang='lat' dir='ltr'>impios,</span> <span class='ocrx_word' id='word_1_327' title='bbox 2364 3660 2510 3711; x_wconf 75' lang='lat' dir='ltr'>reos,</span> <span class='ocrx_word' id='word_1_328' title='bbox 2612 3694 2623 3699; x_wconf 86' lang='lat'>-</span> 
     </span>
    </p>
   </div>
   <div class='ocr_carea' id='block_1_5' title="bbox 263 3726 2511 4427">
    <p class='ocr_par' dir='ltr' id='par_1_7' title="bbox 263 3726 2511 4427">
     <span class='ocr_line' id='line_1_40' title="bbox 270 3726 2509 3808; baseline 0 -21"><span class='ocrx_word' id='word_1_329' title='bbox 270 3726 541 3801; x_wconf 72' lang='lat' dir='ltr'>latrones,</span> <span class='ocrx_word' id='word_1_330' title='bbox 591 3730 818 3806; x_wconf 82' lang='lat' dir='ltr'>dignos,</span> <span class='ocrx_word' id='word_1_331' title='bbox 868 3731 970 3807; x_wconf 91' lang='lat' dir='ltr'>qui</span> <span class='ocrx_word' id='word_1_332' title='bbox 1001 3730 1118 3808; x_wconf 91' lang='lat' dir='ltr'>ipsi</span> <span class='ocrx_word' id='word_1_333' title='bbox 1149 3730 1612 3789; x_wconf 83' lang='lat' dir='ltr'>condemnentur</span> <span class='ocrx_word' id='word_1_334' title='bbox 1643 3732 1759 3808; x_wconf 90' lang='lat' dir='ltr'>(ep.</span> <span class='ocrx_word' id='word_1_335' title='bbox 1792 3730 1826 3807; x_wconf 66' lang='grc' dir='ltr'>ἓ</span> <span class='ocrx_word' id='word_1_336' title='bbox 1861 3731 1941 3787; x_wconf 83' lang='grc'>27</span> <span class='ocrx_word' id='word_1_337' title='bbox 1976 3750 2105 3806; x_wconf 88' lang='lat' dir='ltr'>sqq.</span> <span class='ocrx_word' id='word_1_338' title='bbox 2136 3750 2193 3807; x_wconf 91' lang='lat' dir='ltr'>p.</span> <span class='ocrx_word' id='word_1_339' title='bbox 2229 3730 2309 3788; x_wconf 87' lang='grc'><strong>36</strong></span> <span class='ocrx_word' id='word_1_340' title='bbox 2336 3732 2509 3807; x_wconf 83' lang='grc'><strong>8(1(1.),</strong></span> 
     </span>
     <span class='ocr_line' id='line_1_41' title="bbox 269 3815 2511 3899; baseline 0 -23"><span class='ocrx_word' id='word_1_341' title='bbox 269 3816 590 3877; x_wconf 76' lang='lat' dir='ltr'>sacerdotes</span> <span class='ocrx_word' id='word_1_342' title='bbox 635 3815 832 3889; x_wconf 77' lang='lat' dir='ltr'>habet,</span> <span class='ocrx_word' id='word_1_343' title='bbox 891 3817 994 3877; x_wconf 84' lang='lat' dir='ltr'>sed</span> <span class='ocrx_word' id='word_1_344' title='bbox 1035 3817 1358 3899; x_wconf 54' lang='lat' dir='ltr'>insapientes</span> <span class='ocrx_word' id='word_1_345' title='bbox 1372 3863 1390 3889; x_wconf 92' lang='lat'>,</span> <span class='ocrx_word' id='word_1_346' title='bbox 1449 3838 1633 3898; x_wconf 74' lang='lat' dir='ltr'>quam</span> <span class='ocrx_word' id='word_1_347' title='bbox 1678 3815 1975 3897; x_wconf 78' lang='lat' dir='ltr'>plurimos</span> <span class='ocrx_word' id='word_1_348' title='bbox 2018 3818 2312 3877; x_wconf 73' lang='lat' dir='ltr'>nzinistros</span> <span class='ocrx_word' id='word_1_349' title='bbox 2332 3866 2346 3893; x_wconf 90' lang='lat'>‚</span> <span class='ocrx_word' id='word_1_350' title='bbox 2408 3817 2511 3877; x_wconf 80' lang='lat' dir='ltr'>sed</span> 
     </span>
     <span class='ocr_line' id='line_1_42' title="bbox 269 3903 2511 3987; baseline -0 -23"><span class='ocrx_word' id='word_1_351' title='bbox 269 3905 656 3987; x_wconf 73' lang='lat' dir='ltr'>impudentes,</span> <span class='ocrx_word' id='word_1_352' title='bbox 725 3903 954 3966; x_wconf 74' lang='lat' dir='ltr'>elericos</span> <span class='ocrx_word' id='word_1_353' title='bbox 1007 3906 1112 3967; x_wconf 82' lang='lat' dir='ltr'>sed</span> <span class='ocrx_word' id='word_1_354' title='bbox 1163 3916 1430 3986; x_wconf 75' lang='lat' dir='ltr'>raptores</span> <span class='ocrx_word' id='word_1_355' title='bbox 1473 3904 1771 3977; x_wconf 83' lang='lat' dir='ltr'>subdolos,</span> <span class='ocrx_word' id='word_1_356' title='bbox 1832 3904 2229 3966; x_wconf 78' lang='lat' dir='ltr'>ecclesiasticos</span> <span class='ocrx_word' id='word_1_357' title='bbox 2284 3904 2511 3985; x_wconf 74' lang='lat' dir='ltr'>yradus</span> 
     </span>
     <span class='ocr_line' id='line_1_43' title="bbox 263 3992 2507 4075; baseline -0.001 -21"><span class='ocrx_word' id='word_1_358' title='bbox 263 3993 617 4073; x_wconf 75' lang='lat' dir='ltr'>propensius</span> <span class='ocrx_word' id='word_1_359' title='bbox 646 4014 824 4075; x_wconf 75' lang='lat' dir='ltr'>quam</span> <span class='ocrx_word' id='word_1_360' title='bbox 853 4014 1035 4075; x_wconf 70' lang='lat' dir='ltr'>reyna</span> <span class='ocrx_word' id='word_1_361' title='bbox 1064 3992 1354 4055; x_wconf 73' lang='lat' dir='ltr'>coelorum</span> <span class='ocrx_word' id='word_1_362' title='bbox 1385 3994 1695 4055; x_wconf 72' lang='lat' dir='ltr'>ambientes</span> <span class='ocrx_word' id='word_1_363' title='bbox 1726 3994 1893 4069; x_wconf 91' lang='lat' dir='ltr'>(ibid.</span> <span class='ocrx_word' id='word_1_364' title='bbox 1925 3996 1961 4071; x_wconf 62' lang='grc' dir='ltr'>ξ</span> <span class='ocrx_word' id='word_1_365' title='bbox 1996 3997 2095 4066; x_wconf 91' lang='grc'>66,</span> <span class='ocrx_word' id='word_1_366' title='bbox 2127 4015 2184 4071; x_wconf 92' lang='lat' dir='ltr'>p.</span> <span class='ocrx_word' id='word_1_367' title='bbox 2221 3997 2256 4051; x_wconf 91' lang='lat'><strong>7</strong></span> <span class='ocrx_word' id='word_1_368' title='bbox 2264 3996 2301 4050; x_wconf 76' lang='lat'><strong><em>2</em></strong></span> <span class='ocrx_word' id='word_1_369' title='bbox 2336 3998 2507 4070; x_wconf 91' lang='lat' dir='ltr'>sqq.).</span> 
     </span>
     <span class='ocr_line' id='line_1_44' title="bbox 275 4081 2508 4161; baseline 0 -22"><span class='ocrx_word' id='word_1_370' title='bbox 275 4082 448 4142; x_wconf 81' lang='lat' dir='ltr'>Talia</span> <span class='ocrx_word' id='word_1_371' title='bbox 493 4084 828 4161; x_wconf 83' lang='lat' dir='ltr'>legentibus</span> <span class='ocrx_word' id='word_1_372' title='bbox 875 4084 1046 4143; x_wconf 91' lang='lat' dir='ltr'>nobis</span> <span class='ocrx_word' id='word_1_373' title='bbox 1093 4082 1488 4143; x_wconf 87' lang='lat' dir='ltr'>confitendum</span> <span class='ocrx_word' id='word_1_374' title='bbox 1536 4088 1628 4141; x_wconf 88' lang='lat' dir='ltr'>est</span> <span class='ocrx_word' id='word_1_375' title='bbox 1673 4081 1914 4140; x_wconf 78' lang='lat' dir='ltr'>Gildam</span> <span class='ocrx_word' id='word_1_376' title='bbox 1954 4084 2119 4157; x_wconf 84' lang='lat' dir='ltr'>justo</span> <span class='ocrx_word' id='word_1_377' title='bbox 2164 4083 2296 4159; x_wconf 90' lang='lat' dir='ltr'>plus</span> <span class='ocrx_word' id='word_1_378' title='bbox 2350 4082 2508 4142; x_wconf 79' lang='lat' dir='ltr'>vitu-</span> 
     </span>
     <span class='ocr_line' id='line_1_45' title="bbox 275 4162 2510 4249; baseline 0 -20"><span class='ocrx_word' id='word_1_379' title='bbox 275 4191 502 4248; x_wconf 90' lang='lat' dir='ltr'>perare,</span> <span class='ocrx_word' id='word_1_380' title='bbox 549 4192 686 4230; x_wconf 86' lang='lat' dir='ltr'>nam</span> <span class='ocrx_word' id='word_1_381' title='bbox 707 4178 951 4232; x_wconf 46' lang='lat' dir='ltr'>”constat</span> <span class='ocrx_word' id='word_1_382' title='bbox 988 4162 1198 4231; x_wconf 88' lang='lat' dir='ltr'>iisdem</span> <span class='ocrx_word' id='word_1_383' title='bbox 1243 4172 1610 4249; x_wconf 91' lang='lat' dir='ltr'>temporibus</span> <span class='ocrx_word' id='word_1_384' title='bbox 1657 4177 1718 4229; x_wconf 91' lang='lat' dir='ltr'>et</span> <span class='ocrx_word' id='word_1_385' title='bbox 1762 4170 1959 4248; x_wconf 89' lang='lat' dir='ltr'>paullo</span> <span class='ocrx_word' id='word_1_386' title='bbox 2005 4176 2144 4248; x_wconf 92' lang='lat' dir='ltr'>post</span> <span class='ocrx_word' id='word_1_387' title='bbox 2188 4171 2403 4230; x_wconf 90' lang='lat' dir='ltr'>multas</span> <span class='ocrx_word' id='word_1_388' title='bbox 2446 4171 2510 4229; x_wconf 93' lang='lat' dir='ltr'>in</span> 
     </span>
     <span class='ocr_line' id='line_1_46' title="bbox 273 4260 2509 4337; baseline 0 -20"><span class='ocrx_word' id='word_1_389' title='bbox 273 4260 591 4322; x_wconf 87' lang='lat' dir='ltr'>Britannia</span> <span class='ocrx_word' id='word_1_390' title='bbox 621 4260 800 4320; x_wconf 88' lang='lat' dir='ltr'>fuisse</span> <span class='ocrx_word' id='word_1_391' title='bbox 833 4262 1077 4335; x_wconf 86' lang='lat' dir='ltr'>scholas,</span> <span class='ocrx_word' id='word_1_392' title='bbox 1109 4261 1327 4318; x_wconf 90' lang='lat' dir='ltr'>multos</span> <span class='ocrx_word' id='word_1_393' title='bbox 1358 4260 1629 4337; x_wconf 87' lang='lat' dir='ltr'>egregios</span> <span class='ocrx_word' id='word_1_394' title='bbox 1648 4260 1945 4333; x_wconf 85' lang='lat' dir='ltr'>doctores,</span> <span class='ocrx_word' id='word_1_395' title='bbox 1977 4260 2195 4318; x_wconf 88' lang='lat' dir='ltr'>multos</span> <span class='ocrx_word' id='word_1_396' title='bbox 2224 4280 2509 4319; x_wconf 80' lang='lat' dir='ltr'>veneran-</span> 
     </span>
     <span class='ocr_line' id='line_1_47' title="bbox 278 4347 2511 4427; baseline 0 -22"><span class='ocrx_word' id='word_1_397' title='bbox 278 4348 383 4408; x_wconf 91' lang='lat' dir='ltr'>dos</span> <span class='ocrx_word' id='word_1_398' title='bbox 429 4349 738 4427; x_wconf 89' lang='lat' dir='ltr'>episcopos</span> <span class='ocrx_word' id='word_1_399' title='bbox 781 4357 853 4409; x_wconf 92' lang='lat' dir='ltr'>ut</span> <span class='ocrx_word' id='word_1_400' title='bbox 896 4351 1208 4409; x_wconf 87' lang='lat' dir='ltr'>Danielem</span> <span class='ocrx_word' id='word_1_401' title='bbox 1251 4348 1685 4408; x_wconf 90' lang='lat' dir='ltr'>Bancorensem</span> <span class='ocrx_word' id='word_1_402' title='bbox 1741 4349 1811 4426; x_wconf 90' lang='lat'>(†</span> <span class='ocrx_word' id='word_1_403' title='bbox 1859 4348 1985 4406; x_wconf 88' lang='lat'>584</span> <span class='ocrx_word' id='word_1_404' title='bbox 2032 4348 2112 4406; x_wconf 84' lang='lat' dir='ltr'>H.</span> <span class='ocrx_word' id='word_1_405' title='bbox 2158 4349 2275 4407; x_wconf 89' lang='lat' dir='ltr'>and</span> <span class='ocrx_word' id='word_1_406' title='bbox 2322 4347 2413 4408; x_wconf 81' lang='lat' dir='ltr'>St.</span> <span class='ocrx_word' id='word_1_407' title='bbox 2459 4348 2511 4423; x_wconf 88' lang='lat' dir='ltr'>I,</span> 
     </span>
    </p>
   </div>
  </div>
 </body>
</html>
