3167 4900
1487 263 1575 272 -.
1668 226 1932 283 40·—

591 411 779 469 multa
811 413 954 469 111110
983 407 1249 467 Patricio
1281 407 1484 465 afficta
1516 425 1644 464 esse
1678 404 2037 482 comprobet.
2098 403 2363 463 Exstant
2394 403 2552 462 enim
2582 403 2833 462 duarum

590 498 950 575 synodorum
998 502 1226 556 statuta
1272 495 1413 555 Scto
1460 493 1725 554 Patricio
1773 492 2033 572 ascripta
2079 493 2143 551 in
2187 493 2333 571 ipsis
2380 493 2679 574 codicibus
2727 493 2831 567 (Η.

591 588 710 646 and
755 585 844 646 St.
891 585 986 659 II,
1045 588 1082 643 2
1131 608 1190 664 p.
1239 586 1366 644 328
1415 585 1588 661 sqq.).
1682 583 1849 658 Quae
1910 582 2023 641 etsi
2082 583 2145 640 in
2201 582 2497 640 Hibernia
2555 581 2834 642 videntur

591 697 716 736 esse
763 676 1123 752 conscripta,
1181 679 1381 734 tamen
1434 693 1746 752 perperam
1791 670 2056 730 Patricio
2104 671 2355 732 attribui
2395 674 2520 746 jam
2566 671 2669 730 diu
2695 691 2835 742 ,non

591 766 931 838 defuerunt,
998 764 1100 842 qui
1162 762 1602 823 contenderent.
1693 760 1893 820 Hodie
1955 760 2431 821 dubitationibus
2490 762 2653 820 locus
2715 781 2834 819 non

589 853 964 932 relinquitur.
1041 852 1313 912 Ganones
1360 851 1516 910 0111111
1561 849 1878 909 Hibernici
1895 894 1909 922 ,
1974 871 2312 928 quanquam
2356 849 2572 927 prioris
2622 849 2836 925 synodi

591 949 818 1003 statuta
850 942 1165 1001 maximam
1195 941 1260 1000 in
1290 947 1523 1020 partem
1544 939 1810 1000 Patricio
1843 939 2182 998 attribuunt
2214 941 2286 1016 (e.
2311 960 2369 1016 g.
2392 939 2496 997 lib.
2520 937 2834 1011 XXXIV,

593 1036 630 1091 6
681 1061 766 1083 =
808 1031 1193 1090 Wasserschl.
1249 1030 1332 1088 Ir.
1379 1029 1525 1088 Gan.
1581 1053 1639 1108 p.
1693 1027 1816 1086 145
1866 1057 1950 1078 =
1998 1049 2124 1104 syn.
2170 1028 2339 1088 Patr.
2386 1027 2437 1102 Ι,
2499 1029 2538 1085 8
2586 1029 2666 1086 H.
2716 1028 2837 1086 and

593 1121 681 1180 St.
711 1120 798 1194 ΙΙ,
849 1121 886 1177 2
933 1141 991 1196 p.
1029 1121 1181 1196 328)
1228 1125 1427 1178 tamen
1475 1139 1608 1177 cum
1654 1117 1871 1195 prioris
1916 1137 2117 1192 unum,
2164 1117 2280 1176 nisi
2324 1118 2499 1194 plura
2545 1138 2637 1175 me
2667 1117 2835 1194 fuge-

592 1216 736 1269 runt
796 1208 1143 1284 (XXXIII,
1207 1211 1236 1267 1
1287 1230 1346 1286 p.
1400 1207 1523 1265 140
1573 1236 1657 1258 =
1705 1227 1829 1282 syn.
1875 1205 1945 1264 P.
1991 1206 2041 1280 Ι,
2088 1229 2146 1285 Ρ.
2196 1207 2351 1283 329)
2397 1212 2525 1266 111111
2586 1206 2836 1265 alterius

591 1299 790 1359 omnia
828 1304 1074 1370 statuta,
1122 1305 1369 1375 excepto
1399 1317 1516 1355 uno
1550 1294 1888 1372 (XXXVI,
1922 1296 1961 1352 8
1993 1317 2051 1373 p.
2090 1295 2213 1353 153
2251 1324 2334 1346 =
2367 1317 2491 1372 syn.
2524 1294 2593 1353 P.
2625 1294 2713 1368 H,
2750 1296 2835 1353 30

589 1409 646 1466 p.
685 1389 855 1463 338),
905 1388 1063 1464 quod
1107 1385 1400 1467 „synodus
1441 1383 1631 1460 dvis-iffi
1660 1385 2013 1462 inscriptum
2044 1390 2149 1457 est,
2195 1383 2456 1463 „synodo
2488 1380 2838 1442 Romanaffl

591 1477 898 1536 ascribunt
941 1477 1016 1550 (e.
1063 1496 1119 1551 g.
1166 1475 1254 1548 II,
1303 1475 1386 1532 23
1433 1497 1492 1553 Ρ.
1526 1475 1608 1531 22
1646 1502 1730 1523 =
1762 1494 1887 1549 syn.
1934 1473 2005 1532 P.
2036 1473 2122 1546 II,
2173 1475 2230 1546 2,
2276 1494 2335 1550 Ρ.
2372 1474 2497 1531 333
2548 1479 2609 1532 01
2655 1473 2838 1532 81111111

593 1586 712 1623 11011
760 1565 964 1623 eadem
1019 1564 1251 1623 ratione
1295 1563 1450 1636 XII,
1503 1562 1581 1620 15
1631 1583 1686 1638 p.
1737 1563 1820 1620 44
1869 1590 1952 1612 =
2000 1581 2124 1638 syn.
2171 1561 2241 1620 P.
2288 1561 2373 1635 ΙΙ,
2427 1563 2506 1619 14
2552 1583 2610 1640 p.
2662 1563 2837 1639 335).

770 1653 987 1730 Itaque
1037 1672 1152 1730 quo
1199 1653 1440 1711 meliore
1480 1655 1616 1728 jure
1650 1651 1946 1729 quispiam
1978 1651 2296 1710 contendat
2324 1651 2461 1710 ficta
2494 1672 2619 1710 esse
2652 1651 2836 1709 etiam

594 1765 679 1816 ea,
707 1758 879 1819 'quae
912 1741 1229 1800 Tirechani
1275 1741 1645 1819 temporibus
1693 1740 1767 1798 (10
1808 1741 2123 1798 itineribus
2152 1739 2406 1799 Patricii
2437 1760 2544 1816 per
2575 1738 2839 1798 Galliam

592 1839 772 1908 atque
804 1831 1044 1889 Italiam
1090 1836 1280 1891 totam
1328 1830 1514 1908 ipsius
1561 1830 2125 1888 circumferebantur
2165 1830 2341 1902 dicta,
2390 1851 2458 1887 eo
2491 1829 2837 1906 diligentius

594 1921 988 1998 quaerendum
1060 1919 1233 1979 nobis
1294 1926 1410 1990 est,
1482 1937 1774 1995 quaenam
1834 1919 2025 1976 altera
2082 1919 2299 1977 saeculi
2359 1917 2597 1996 septimi
2657 1925 2835 1996 parte

591 2010 792 2088 priora
840 2015 1079 2068 exstent
1124 2008 1198 2066 de
1245 2007 1507 2066 Patricio
1553 2006 1913 2066 testimonia.

767 2097 884 2156 His
946 2118 1086 2156 num
1147 2096 1624 2155 adnumerandus
1686 2096 1766 2155 sit
1812 2096 1979 2154 Fieci
2040 2096 2142 2173 qui
2197 2095 2416 2154 dicitur
2460 2096 2714 2172 hymnus
2760 2096 2833 2154 de

592 2186 732 2246 Scto
763 2185 1026 2246 Patricio
1075 2187 1172 2261 (cf.
1205 2206 1382 2262 supra
1412 2207 1470 2263 p.
1506 2186 1607 2258 32,
1642 2185 1708 2262 3)
1756 2192 1815 2243 01
1864 2186 2007 2262 quid
2054 2207 2126 2244 ex
2170 2185 2273 2244 illo
2316 2185 2706 2244 hauriendum
2739 2186 2835 2258 sit,

589 2276 735 2334 haec
779 2276 972 2353 prima
1019 2275 1255 2334 exsistit
1311 2274 1606 2352 quaestiO,
1671 2293 1855 2350 eaque
1901 2274 2269 2352 gravissima.
2363 2274 2631 2333 Fuerunt
2678 2274 2835 2333 enim

593 2370 653 2423 et
697 2371 837 2424 sunt
883 2365 1167 2438 nonnulli,
1217 2365 1319 2442 qui
1363 2363 1475 2422 1100
1523 2363 1781 2422 carmine
1827 2369 2016 2423 totam
2063 2365 2135 2422 de
2167 2363 2421 2422 Patricii
2465 2363 2679 2422 itinere
2711 2363 2833 2422 Ro·

592 2475 764 2514 mano
816 2454 1220 2532 quaestionem
1265 2454 1416 2513 solvi
1460 2459 1641 2531 atque
1675 2454 1983 2531 explanari
2013 2475 2184 2533 posse
2215 2460 2448 2532 putent,
2497 2474 2565 2512 ac
2598 2454 2835 2530 quidem

591 2543 682 2603 his
730 2543 1004 2603 carminis
1049 2544 1276 2603 verbis:

680 2629 780 2693 He
812 2632 928 2709 (St.
955 2632 1280 2709 Patricius)
1313 2640 1458 2691 went
1489 2652 1685 2692 across
1715 2628 1797 2691 all
1825 2628 1917 2690 the
1946 2628 2101 2711 Asps
2134 2632 2278 2708 (hib.
2304 2628 2500 2711 Εζρα)
2538 2666 2612 2675 ——
2655 2625 2840 2691 Great

1472 2715 1645 2780 God!
1682 2719 1727 2779 it
1772 2741 1894 2778 was
1940 2741 1977 2777 α
2021 2718 2243 2780 marvel
2288 2719 2360 2801 of
2393 2741 2432 2778 a
2463 2717 2755 2802 journey!

682 2806 831 2869 until
873 2807 942 2869 1ιο
987 2807 1143 2869 ataid
1187 2806 1326 2868 with
1359 2804 1624 2871 German
1667 2807 1728 2867 in
1774 2806 1864 2868 the
1908 2807 2094 2880 south,
2140 2808 2203 2869 in
2247 2806 2339 2868 the
2382 2807 2549 2869 3011111
2580 2817 2731 2889 part
2776 2808 2852 2891 of

1447 2892 1697 2956 Latium
1743 2897 1897 2972 (hibz
1945 2894 2183 2977 Letha).

682 2984 764 3047 In
817 2984 906 3047 the
959 2984 1092 3048 isles
1140 2985 1212 3069 of
1256 2983 1347 3046 the
1401 2982 1696 3065 Tyrrhene
1740 3005 1837 3045 sea
1884 2987 2037 3062 (hibz
2084 3006 2258 3046 mara
2310 2984 2589 3065 Torrian)
2635 2985 2703 3047 he
2746 3006 2836 3047 re-

1444 3073 1701 3146 mained,
1749 3070 1965 3135 therein
2008 3073 2077 3136 110
2122 3074 2463 3136 meditated:

682 3163 752 3226 he
805 3166 953 3226 read
998 3186 1184 3226 canon
1229 3162 1366 3225 with
1417 3160 1729 3225 Germain:
1783 3163 1829 3223 it
1870 3164 1920 3224 is
1966 3162 2076 3224 this
2106 3163 2243 3225 that
2288 3163 2548 3245 writinys
2594 3161 2839 3225 declare.

771 3255 1060 3315 Nonnulli
1106 3256 1287 3328 enim,
1335 3254 1712 3312 Bollandista
1760 3254 1959 3329 (Mart.
1996 3256 2095 3327 17,
2140 3276 2198 3331 p.
2236 3254 2407 3331 528),
2453 3254 2580 3313 Leo
2628 3250 2835 3334 (Com-

593 3342 866 3403 mentatio
897 3343 970 3404 de
992 3342 1250 3402 carmine
1270 3350 1486 3402 vetusto
1509 3339 1827 3402 Iliberm'eo
1854 3350 1963 3401 etc.
1995 3344 2169 3402 Halis
2200 3343 2387 3417 1845,
2421 3344 2491 3402 cf.
2509 3344 2838 3417 Windisch‚

595 3429 820 3491 Iri-selle
874 3431 1078 3503 Tarte,
1136 3454 1192 3509 p.
1217 3433 1378 3507 ’10),
1437 3432 1841 3491 Windischius
1888 3431 1995 3507 (Ir.
2044 3432 2258 3505 Texte,
2316 3454 2373 3509 p,
2429 3434 2535 3509 19)
2590 3434 2838 3491 verbum

595 3516 761 3601 Espa
805 3518 1132 3580 Albaniam
1177 3541 1296 3580 non
1337 3518 1542 3598 Alpes,
1591 3522 1838 3580 verbum
1868 3516 2062 3580 Letha
2091 3520 2406 3587 Letaviam
2452 3522 2487 3579 i.
2538 3543 2585 3580 e.
2618 3520 2835 3580 Armo-

593 3610 775 3667 ricam
822 3610 918 3668 vel
949 3609 1186 3669 omnino
1221 3609 1478 3669 Galliam
1520 3610 2042 3687 septentrionalem
2072 3609 2427 3687 intellegunt
2459 3616 2518 3669 et
2546 3610 2611 3669 in
2642 3611 2837 3670 medio

595 3698 824 3772 1011010,
871 3698 1017 3775 quid
1063 3699 1176 3759 sibi
1223 3700 1413 3759 velint
1458 3699 1685 3759 insulae
1732 3698 1911 3757 maris
1967 3695 2027 3757 Τ
2019 3696 2241 3769 oro-ian,
2291 3699 2589 3760 affirmant
2633 3700 2698 3757 in
2744 3700 2837 3759 his

595 3787 864 3847 versibus
919 3788 1005 3847 nil
1060 3788 1251 3849 inesse
1298 3796 1605 3849 narratum
1650 3788 1764 3847 nisi
1810 3786 2139 3845 Patricium
2185 3788 2472 3847 servitute
2517 3789 2835 3848 liberatum

596 3899 668 3936 ex
713 3876 1008 3937 Hibernia
1067 3878 1324 3956 primum
1384 3878 1447 3936 in
1491 3876 1845 3948 Albaniam,
1906 3876 2116 3935 deinde
2177 3877 2241 3935 in
2288 3876 2549 3935 Galliam
2602 3877 2837 3937 venisse

595 3966 798 4043 ibique
844 3965 1252 4027 Autissiodori
1312 3967 1374 4025 in
1434 3966 1583 4025 urbe
1643 3986 1763 4024 una
1826 3984 1956 4023 cum
2006 3964 2303 4025 Germano
2349 3966 2582 4028 vixisse.
2676 3966 2836 4040 Quin

597 4056 778 4115 etiam
823 4057 1195 4133 ignorantiae
1241 4056 1366 4115 Leo
1415 4054 1718 4115 accusavit
1770 4054 2222 4133 „posteriores“‚
2270 4055 2373 4132 qui
2418 4076 2631 4115 nomen
2671 4076 2835 4115 mon·

594 4151 872 4204 tanarum
905 4145 1138 4204 Scotiae
1183 4145 1493 4221 regionum
1539 4150 1601 4203 et
1632 4143 1891 4203 civitatis
1921 4141 2462 4203 Autissiodorensis
2493 4164 2612 4203 non
2644 4145 2837 4203 80111111

596 4254 716 4292 11011
774 4234 1230 4306 intellexissent,
1291 4234 1394 4293 sed
1455 4233 1530 4291 ad
1590 4233 1737 4291 haec
1797 4234 2035 4291 nomina
2092 4232 2546 4309 interpretanda
2600 4234 2837 4293 fabulas

596 4322 852 4381 maxime
884 4344 919 4381 a
950 4344 1092 4383 vero
1124 4324 1470 4382 aberrantes
1501 4322 1811 4385 finxissent
1841 4322 1913 4380 de
1945 4321 2206 4381 Patricio
2237 4342 2347 4399 per
2368 4319 2559 4399 Alpes
2581 4322 2837 4381 Romam
