3167 4900
1185 236 1627 292 ..63-

288 415 552 488 potestas
599 432 780 488 penes
827 412 1078 488 synodos
1125 412 1304 472 fuisse
1345 413 1622 472 videatur
1665 413 1769 488 (ib.
1805 414 1861 486 3,
1897 415 1997 487 85,
2028 435 2087 491 p.
2124 415 2293 491 228).
2356 416 2524 475 H‘aec

287 505 456 560 tanta
503 501 828 560 auctoritas
875 505 1040 560 certo
1087 501 1402 577 singularis
1463 508 1619 573 erat,
1679 522 1787 560 nec
1850 508 2049 562 tamen
2108 503 2377 562 miranda
2433 510 2525 563 est

287 589 372 661 iis,
421 589 528 666 qui
574 591 650 648 ab
697 589 800 648 illo
846 590 977 667 ipso
1025 591 1382 649 monasterio
1414 590 1655 649 Hiiensi
1700 611 1902 650 omnes
1948 592 2080 650 illas
2125 593 2412 669 regiones,
2460 594 2522 651 in

289 679 500 754 quibus
532 679 932 756 principatum
957 680 1219 752 tenebat,
1251 700 1420 738 sacra
1442 680 1767 739 christiana
1790 681 2115 759 suscepisse
2148 682 2210 739 in
2242 682 2523 742 memoria

282 766 690 826 custodierint.

461 854 740 914 Alterum
771 857 936 930 illud,
986 858 1146 934 quod
1175 859 1306 937 ipsa
1337 857 1530 916 insula
1551 857 1715 916 Jona
1746 858 1963 916 habere
1996 858 2222 917 solebat
2253 879 2524 940 semper

286 945 560 1002 abbatem
611 947 1022 1023 presbyterum
1043 989 1057 1018 ,
1119 953 1180 1005 et
1243 946 1436 1023 ipsum
1497 946 1797 1022 singulare
1842 947 2022 1005 fuisse
2070 947 2341 1023 equidem
2386 969 2519 1026 per-

285 1054 523 1092 suasum
569 1034 718 1092 mihi
764 1035 970 1107 habe0,
1016 1036 1129 1093 etsi
1177 1056 1294 1094 non
1341 1055 1492 1111 nego
1539 1056 1633 1092 me
1679 1036 1925 1107 nescire,
1972 1057 2049 1094 an
2098 1037 2243 1095 alibi
2288 1057 2521 1113 quoque

283 1142 781 1202 nonnunquam
841 1125 1086 1183 abbates
1157 1125 1494 1202 presbyteri
1563 1125 1651 1182 ita
1721 1125 2087 1201 praefuerint
2146 1126 2522 1184 monasteriis

286 1211 680 1288 episcopalem
727 1232 930 1270 curam
992 1213 1054 1270 in
1117 1233 1224 1272 sua
1284 1213 1528 1289 regione
1590 1214 1961 1288 gerentibus,
2020 1220 2090 1272 ut
2151 1214 2265 1289 ipsi
2329 1235 2521 1292 neque

286 1300 606 1376 episcopali
666 1300 961 1377 dignitate
1022 1301 1290 1360 exornati
1351 1302 1576 1360 fuerint
1638 1323 1829 1379 neque
1900 1303 2220 1380 episcopali
2279 1324 2523 1361 munere

283 1389 472 1447 functi
519 1389 692 1448 sint.1
782 1387 1074 1448 Attamen
1121 1411 1272 1467 nego
1319 1391 1497 1450 fuisse
1559 1391 1679 1449 alia
1725 1391 1933 1450 similis
1978 1392 2355 1451 auctoritatis
2400 1412 2520 1451 mo-

283 1476 562 1550 nasteria,
613 1477 829 1554 quibus
871 1497 1144 1560 semper
1203 1481 1450 1538 abbates
1511 1480 1846 1556 presbyteri
1893 1488 2251 1557 praeessent.
2342 1480 2521 1540 Certe

283 1566 451 1624 Beda
491 1566 631 1626 huic
672 1573 909 1626 nostrae
941 1569 1268 1628 sententiae
1298 1568 1466 1628 favit.
1529 1569 1683 1627 Nam
1714 1589 1845 1627 cum
1886 1569 2066 1628 moris
2096 1570 2253 1628 illius
2286 1589 2521 1629 causam

286 1655 496 1714 afferat
543 1657 876 1733 exemplum
923 1657 1103 1735 primi
1149 1657 1407 1717 doctoris
1454 1657 1614 1715 illius
1647 1656 2037 1734 (Columbae),
2086 1659 2187 1734 qui
2220 1679 2338 1716 non
2370 1659 2521 1736 epis-

285 1765 463 1822 copus
495 1745 597 1803 sed
630 1747 1012 1822 presbyteras
1044 1746 1342 1806 exstiterit
1373 1752 1434 1805 et
1463 1746 1801 1816 monachus,
1836 1754 2087 1825 apparet
2119 1768 2248 1804 eum
2282 1753 2521 1824 putasse

283 1835 534 1893 eundem
579 1854 800 1892 morem
845 1855 965 1893 non
1010 1836 1266 1896 inveniri
1297 1836 1358 1893 in
1407 1834 1480 1893 iis
1509 1835 1837 1894 Hiberniae
1869 1835 2224 1912 regionibus,
2260 1857 2410 1911 quae
2443 1836 2521 1893 ab

284 1923 620 1982 Hiiensium
645 1923 904 1983 dominio
929 1925 1152 1984 liberae
1185 1931 1373 1984 erant.
1429 1924 1605 1999 Quod
1634 1924 1684 1984 si
1707 1925 1794 1982 ita
1825 1930 1929 1997 est,
1962 1925 2137 1982 aliam
2170 1931 2349 2000 atque
2374 1945 2519 1996 eam,

285 2033 461 2088 quam
507 2012 676 2072 Beda
707 2014 952 2090 profert,
999 2014 1180 2074 moris
1208 2014 1370 2072 illius
1401 2033 1636 2074 causam
1671 2033 1953 2090 quaerere
1994 2013 2232 2071 minime
2264 2019 2520 2091 oportet.

463 2099 708 2162 Summa
737 2101 926 2178 igitur
955 2109 1194 2162 nostrae
1224 2103 1297 2166 de
1327 2102 1596 2162 Hiiensis
1626 2102 1970 2161 monasterii
2004 2103 2359 2161 auctoritate
2390 2123 2519 2161 sen-

285 2191 509 2249 tentiae
541 2191 685 2252 haec
717 2197 831 2248 est:
865 2191 1248 2268 Principatus
1279 2193 1394 2264 ille,
1427 2212 1603 2268 quem
1633 2191 2055 2250 monasterium
2078 2192 2327 2250 Hiiense
2356 2198 2519 2250 tene-

285 2279 404 2350 bat,
430 2279 709 2357 primitus
733 2280 1066 2339 simillimus
1091 2287 1220 2340 erat
1245 2281 1316 2353 ei,
1341 2301 1516 2356 quem
1539 2281 1729 2339 multa
1752 2281 1811 2338 in
1839 2281 2134 2338 Hibernia
2166 2281 2521 2340 monasteria

289 2368 661 2440 obtinebant,
709 2368 812 2426 sed
843 2376 1051 2446 postea
1099 2391 1227 2428 cum
1278 2370 1418 2446 quia
1462 2376 1592 2429 tota
1623 2390 1767 2446 gens
1798 2369 2104 2428 Pictorum
2140 2370 2224 2447 [et
2252 2370 2521 2430 Nordan-

286 2458 693 2535 hymbrorum]
743 2459 818 2516 ab
865 2460 1009 2536 ipsis
1039 2460 1388 2519 Hiiensibus
1421 2460 1484 2517 in
1517 2460 1862 2519 societatem
1895 2460 2173 2521 ecclesiae
2219 2467 2522 2537 assumpta

287 2553 394 2618 est,
431 2554 559 2605 tum
597 2547 738 2621 quia
763 2567 964 2607 omnes
990 2548 1311 2607 Columbae
1341 2569 1705 2609 successores
1743 2548 2050 2626 deprecari
2074 2548 2344 2607 solebant
2368 2549 2519 2625 epis-

287 2637 550 2713 copalem
597 2636 970 2717 dignitatem,
1019 2660 1136 2715 qua
1169 2639 1476 2710 Columba,
1524 2639 1745 2715 quippe
1776 2637 1873 2697 cui
1903 2636 2077 2695 initio
2122 2657 2193 2695 ea
2225 2658 2371 2715 opus
2402 2656 2521 2695 non

287 2730 456 2797 esset,
490 2732 780 2798 caruerat,
813 2727 953 2786 talis
977 2734 1066 2786 est
1088 2729 1298 2800 factus,
1324 2732 1394 2785 ut
1415 2732 1652 2785 tantum
1684 2726 1774 2784 sui
1796 2725 2001 2785 similis
2026 2725 2208 2785 fuisse
2231 2726 2521 2786 videatur.

468 2812 629 2873 Satis
683 2814 828 2873 haec
889 2816 1049 2875 dicta
1096 2822 1319 2890 essent,
1382 2816 1498 2875 nisi
1545 2816 1774 2891 reliqua
1821 2821 1977 2874 esset
2021 2834 2139 2873 una
2186 2816 2258 2874 de
2303 2815 2415 2875 hac
2458 2836 2523 2873 re

291 2903 576 2979 quaestio·
667 2903 822 2963 Nam
871 2925 1000 2963 cum
1047 2925 1240 2982 neque
1287 2904 1448 2983 apud
1495 2904 1704 2963 Scotos
1750 2903 2131 2981 privilegium
2176 2926 2294 2963 non
2341 2905 2523 2963 fuerit

289 2992 696 3070 episcoporum
754 3014 1093 3053 consecrare
1141 2996 1520 3071 presbyteros
1567 3000 1746 3069 atque
1795 2993 2117 3070 episcopos,
2166 3013 2343 3070 porro
2390 3013 2521 3050 cum

289 3087 521 3141 constet
583 3087 741 3139 certe
802 3103 1242 3159 nonnumquam
1307 3103 1407 3141 eos
1469 3083 1806 3159 episcopos,
1870 3080 1973 3156 qui
2035 3080 2243 3139 abbati
2286 3080 2521 3139 Hiiensi

288 3169 544 3244 subjecti
593 3176 778 3244 erant,
827 3178 1198 3231 consecratos
1245 3172 1376 3231 esse'
1415 3171 1476 3228 in
1523 3171 1653 3247 ipsa
1698 3170 1891 3229 insula
1919 3169 2081 3228 Jona
2130 3169 2323 3244 (Beda
2366 3170 2423 3230 h.
2470 3190 2521 3229 e.

289 3260 344 3331 3,
397 3260 452 3331 3,
501 3259 714 3336 3164,
765 3262 835 3319 cf.
886 3262 941 3333 3,
999 3262 1095 3334 17,
1143 3262 1178 3338 ξ
1217 3262 1384 3337 196),
1433 3259 1667 3319 exsistit
1715 3258 2001 3335 quaesti0,
2050 3280 2084 3315 a
2132 3278 2386 3333 quonam
2434 3258 2523 3315 illi

287 3348 406 3406 sint
469 3350 812 3409 consecrati.
905 3350 1072 3424 Quae
1137 3350 1437 3426 quaestiO,
1511 3369 1643 3407 cum
1703 3348 1831 3425 ipse
1894 3348 2079 3405 abbas
2141 3348 2523 3423 presbyterus

284 3436 444 3494 haud
491 3436 670 3494 dubie
718 3438 1023 3515 episcopos
1052 3459 1172 3497 non
1203 3438 1637 3497 consecraverit
1668 3438 1937 3513 neglecto
1977 3436 2199 3494 honore
2246 3436 2523 3514 episcopo

285 3525 492 3584 debito
525 3526 621 3600 (cf.
653 3545 833 3603 supra
862 3549 920 3604 p.
957 3528 1082 3603 58),
1128 3528 1285 3586 redit
1315 3528 1391 3585 ad
1423 3528 1604 3597 illam,
1652 3546 1793 3585 num
1822 3526 1886 3583 in
1934 3525 2181 3583 ecclesia
2214 3523 2524 3583 Scotorum

281 3613 510 3673 fuerint
555 3614 818 3691 episcopi
849 3616 1024 3675 certis
1056 3616 1408 3692 quibusdam
1441 3616 1681 3677 sedibus
1712 3635 1831 3673 non
1877 3615 2140 3691 ascripti,
2182 3615 2284 3673 sed
2314 3615 2524 3673 nihilo-

283 3702 481 3761 minus
527 3703 849 3780 episcopali
895 3705 1189 3782 dignitate
1237 3706 1521 3763 exornati.
1615 3704 1880 3763 Dubium
1928 3705 2082 3763 enim
2132 3711 2243 3776 est,
2306 3710 2524 3777 utrum,

285 3792 336 3850 si
399 3812 552 3868 quae
612 3793 674 3851 in
737 3793 1093 3853 monasterio
1141 3794 1378 3853 Hiiensi
1439 3792 1909 3854 administranda
1969 3799 2139 3851 erant
2196 3793 2526 3851 ministeria

285 3880 676 3959 episcopalia,
739 3882 913 3940 acciti
973 3884 1119 3956 sint,
1183 3884 1340 3960 quod
1407 3881 1661 3941 Skenius
1722 3888 1899 3959 putat
1944 3881 2065 3956 (II,
2113 3903 2169 3958 p.
2224 3881 2345 3939 163
2394 3883 2523 3957 sq.)‚

287 3970 600 4047 episcopus
647 3969 1146 4047 Cingaradhensis
1194 3973 1287 4030 vel
1333 3972 1406 4030 de
1454 3972 1751 4031 Hibernia
1810 3970 2079 4045 quidam,
2141 3989 2215 4027 an
2276 3969 2339 4025 in
2394 3970 2525 4046 ipsa

285 4057 482 4118 insula
527 4058 574 4119 J
576 4078 689 4117 ona
749 4061 908 4119 inter
965 4061 1282 4119 monachos
1342 4061 1524 4119 fuerit
1586 4079 1737 4117 unus
1800 4059 1894 4117 vel
1954 4058 2155 4134 plures
2202 4057 2525 4135 episcopali

285 4147 585 4224 dignitate
631 4151 846 4211 ornati.

435 4343 455 4373 ¹
495 4340 585 4394 De
623 4342 732 4394 hac
767 4358 829 4394 re
867 4340 980 4395 vid.
1021 4341 1170 4394 infra
1205 4358 1261 4409 p.
1299 4341 1387 4394 64.
