3167 4900
1237 255 1670 313 ...55-

327 431 505 489 aliter
545 431 934 511 accipiantur,
981 453 1159 510 quam
1205 440 1362 509 sunt,
1409 435 1605 493 facere
1650 455 1769 495 non
1809 457 2067 516 possum,
2115 439 2261 516 quin
2307 461 2343 500 a
2388 441 2567 502 lecto·

325 520 490 583 ribus
537 526 754 598 petam.
843 523 996 583 Nam
1045 543 1177 582 cum
1223 523 1298 581 de
1343 523 1418 582 iis
1465 525 1746 584 ecclesiae
1777 526 2391 588 Hiberno-Scotorum
2436 550 2569 608 par-

325 609 515 682 tibus,
588 610 660 668 de
721 611 935 686 quibus
995 611 1162 671 Beda
1221 613 1325 672 illo
1386 614 1514 671 loco
1577 634 1695 672 non
1756 616 2045 691 loquitur,
2105 618 2207 677 vix
2255 618 2571 696 quicquam

325 704 554 758 constet
609 699 944 758 mirandum
1000 720 1121 758 non
1177 708 1293 775 est,
1357 702 1516 778 quod
1572 723 1749 781 saepe
1794 706 2063 765 ¹occurrit
2118 707 2317 784 opinio
2383 715 2570 768 totam

323 787 935 847 Hiberno-Scotorum
983 791 1288 849 ecclesiam
1334 793 1665 865 subjectam
1710 793 1891 852 fuisse
1924 795 2281 855 monasterio
2313 796 2568 856 Hiiensi.

324 877 444 950 Qui
491 897 658 936 error
701 875 930 952 ignosci
975 884 1171 954 potest
1218 879 1320 952 eis,
1367 879 1471 956 qui
1517 881 1691 956 quasi
1736 888 2185 959 praetereuntes
2216 885 2287 944 de
2322 887 2569 946 ecclesia

323 965 634 1025 Scotorum
683 967 868 1026 verba
913 967 1209 1040 fecerunt,
1257 968 1360 1027 sed
1407 969 1480 1027 de
1525 969 1803 1028 Ebrardo
1845 972 2234 1047 judicandum
2280 981 2370 1034 est
2416 995 2567 1049 eum,

322 1055 425 1131 qui
469 1055 630 1113 illius
677 1055 897 1114 erroris
943 1056 1296 1135 participem
1343 1077 1406 1116 se
1451 1057 1596 1117 fecit
1642 1058 1906 1135 (Ebrard
1951 1082 2009 1138 p.
2063 1062 2234 1138 285),
2282 1063 2393 1123 hac
2436 1064 2568 1141 ipsa

319 1165 386 1202 re
431 1145 611 1202 talem
659 1165 722 1203 se
769 1144 1123 1217 ostendisse,
1189 1146 1284 1204 cui
1339 1147 1552 1222 majori
1611 1147 1774 1206 laudi
1832 1149 2043 1208 fuisset
2103 1156 2326 1225 tacere,
2392 1172 2568 1229 quam

324 1233 576 1291 solidum
623 1233 696 1290 de
744 1234 988 1292 ecclesia
1032 1234 1649 1294 Hiberno·Scotorum
1696 1238 2064 1297 conscribere
2111 1240 2346 1299 librum.
2440 1241 2569 1320 Ap-

322 1327 494 1399 paret
542 1322 698 1379 enim
737 1325 864 1398 jam
912 1343 985 1380 ex
1029 1323 1230 1382 Bedae
1277 1324 1476 1383 verbis
1532 1344 1713 1403 supra
1769 1329 2239 1388 commemoratis
2296 1329 2569 1390 omnibus

319 1410 654 1470 Hiberniae
712 1411 920 1470 incolis
983 1413 1244 1490 exceptis
1305 1414 1863 1490 septentrionalium
1923 1415 2234 1476 Scotorum
2294 1418 2567 1496 plurimis

320 1499 544 1558 nullam
591 1519 722 1560 cum
768 1500 1119 1560 Hiiensibus
1165 1501 1348 1560 fuisse
1396 1503 1889 1562 necessitudinem
1936 1525 2128 1584 neque
2175 1506 2341 1568 deest
2386 1509 2565 1578 locus,

317 1589 420 1647 ubi
469 1589 639 1647 Beda
685 1590 980 1666 expressis
1024 1591 1220 1650 verbis
1267 1591 1625 1650 mentionem
1672 1592 1879 1651 fecerit
1924 1594 1999 1652 de
2044 1595 2357 1669 Hibernis,
2423 1595 2572 1678 „qui

319 1676 394 1736 ab
421 1673 756 1737 Hiiensium
801 1677 1061 1738 dominio
1107 1677 1275 1738 libem·
1317 1687 1526 1738 manffl
1573 1681 1653 1757 (h.
1688 1701 1735 1739 e.
1772 1680 1828 1752 5,
1866 1682 1945 1739 15
1978 1685 2013 1761 g
2050 1685 2205 1760 403)
2238 1690 2299 1743 et
2327 1692 2569 1762 praeter

318 1787 443 1839 eos,
494 1787 642 1842 quos
687 1767 808 1826 illic
855 1767 1032 1842 dixit,
1081 1787 1282 1828 omnes
1329 1770 1619 1828 australes
1665 1769 1993 1829 Hiberniae
2039 1773 2311 1849 regiones
2357 1773 2565 1833 abbati

315 1855 556 1915 Hiiensi
614 1857 912 1932 subjectas
970 1877 1088 1916 non
1146 1857 1328 1916 fuisse
1387 1857 1546 1915 idem
1608 1858 1727 1916 alio
1789 1859 1917 1918 loco
1964 1861 2044 1935 (h.
2078 1881 2127 1919 e.
2162 1862 2219 1935 3,
2256 1862 2292 1918 3
2342 1863 2377 1939 ξ
2414 1861 2565 1939 155)

318 1944 536 2003 docuit.

500 2034 668 2108 Quae
714 2054 846 2092 cum
891 2034 980 2094 ita
1025 2034 1170 2107 sint,
1219 2034 1456 2094 exsistit
1502 2035 1798 2111 quaestio,
1860 2042 2059 2095 utrum
2116 2037 2402 2099 mirabilis
2462 2040 2568 2100 illa

316 2122 586 2182 Hiiensis
617 2123 966 2182 monasterii
1010 2123 1337 2183 auctoritas
1383 2123 1446 2182 in
1493 2144 1599 2182 suo
1646 2144 1861 2201 genere
1908 2125 2227 2202 singularis
2273 2128 2457 2190 fuerit
2500 2128 2564 2186 in

318 2213 562 2271 ecclesia
609 2210 948 2285 Scotorum,
1010 2233 1088 2270 an
1133 2213 1250 2272 alia
1296 2213 1529 2288 ejudem
1586 2214 1821 2290 generis
1867 2217 2135 2293 exempla
2180 2217 2241 2275 in
2290 2217 2423 2276 aliis
2471 2237 2560 2276 ec-

317 2301 530 2360 clesiae
576 2301 852 2378 partibus
896 2301 1154 2360 inveniri
1199 2302 1446 2380 possint.
1539 2301 1720 2361 Certo
1777 2323 1895 2362 non
1953 2303 2187 2362 omnino
2244 2306 2563 2383 singularis

316 2396 472 2464 erat,
535 2389 638 2450 sed
691 2390 840 2468 proh
887 2391 1084 2450 dolor!
1163 2391 1496 2451 accuratius
1551 2390 1627 2450 de
1672 2391 1785 2451 hac
1830 2413 1896 2452 re
1942 2392 2257 2467 disserere,
2319 2415 2563 2475 prorsus

315 2482 439 2539 fere
487 2499 594 2537 nos
640 2480 891 2557 impedit
921 2486 1187 2539 veterum
1234 2481 1711 2541 testimoniorum
1756 2482 2024 2560 penuria.
2086 2481 2378 2543 Attamen
2412 2504 2563 2561 quae

314 2568 688 2647 potissimum
729 2568 1099 2628 observanda
1144 2575 1298 2642 sunt,
1345 2570 1567 2648 partim
1616 2591 1687 2627 ex
1733 2571 1984 2629 vetustis
2029 2572 2235 2649 paucis
2265 2572 2484 2650 partim
2530 2592 2563 2631 6

313 2657 660 2737 posterioris
707 2658 994 2735 temporis
1042 2657 1394 2717 testimoniis
1443 2657 1645 2735 colligi
1689 2664 1955 2737 possunt.

492 2746 648 2807 Nam
679 2746 804 2805 sive
835 2740 1090 2805 Patricii
1121 2748 1487 2825 temporibus
1520 2748 1782 2808 nondum
1828 2755 1957 2808 tota
2002 2749 2196 2809 insula
2222 2738 2567 2813 ‘christiana

315 2840 450 2894 erat
510 2835 670 2893 facta
733 2836 858 2894 sive
923 2835 1168 2894 mortuis
1213 2836 1481 2896 Patricio
1537 2843 1600 2896 et
1654 2837 1827 2897 sociis
1870 2837 2277 2897 Hibernorum
2321 2840 2565 2919 plurimi

311 2924 649 2983 reciderant
702 2924 766 2981 in
812 2924 1170 3000 gentilitatis
1227 2925 1707 3004 superstitiones:
1777 2924 1893 2984 nisi
1951 2924 2092 2985 ficta
2151 2934 2289 2985 sunt
2348 2928 2561 3001 omnia,

315 3034 465 3090 quae
513 3013 574 3070 in
623 3012 764 3071 vitis
811 3012 1166 3073 Sanctorum
1211 3014 1701 3073 Hiberniensium
1748 3013 2083 3087 traduntur,
2133 3014 2395 3073 dubitari
2442 3036 2563 3075 non

311 3108 541 3179 potest,
606 3102 750 3178 quin
813 3102 1032 3161 saeculi
1077 3103 1232 3161 sexti
1280 3103 1650 3181 temporibus
1697 3103 1889 3161 denuo
1938 3102 2110 3178 quasi
2158 3102 2401 3162 ecclesia
2447 3103 2560 3162 Hi-

312 3192 632 3250 bernorum
704 3190 941 3249 condita
1013 3190 1108 3250 sit.
1201 3191 1400 3251 Tanta
1469 3191 1627 3249 enim
1686 3194 2177 3250 monasteriorum
2240 3192 2561 3252 multitudo

311 3287 456 3339 tunc
505 3278 830 3339 constituta
877 3300 1004 3339 esse
1049 3280 1324 3353 traditur,
1373 3287 1441 3340 ut
1483 3280 1679 3339 nullus
1711 3280 1988 3339 videatur
2018 3281 2198 3340 fuisse
2228 3280 2566 3341 Hiberniae-

312 3369 589 3445 angulus,
651 3368 712 3425 in
769 3388 888 3443 quo
944 3369 1367 3428 monasterium
1429 3390 1548 3428 non
1596 3375 2040 3429 construeretur
2086 3371 2185 3444 (cf.
2231 3368 2428 3429 Skene
2473 3370 2560 3446 H,

309 3480 368 3536 p.
406 3457 484 3515 51
523 3458 694 3533 sqq.).
789 3456 1054 3531 Quorum
1102 3459 1592 3517 monasteriorum
1648 3458 1807 3515 inter
1854 3458 2188 3520 conditores
2235 3478 2368 3517 cum
2415 3479 2559 3520 non·

311 3547 460 3605 nulli
508 3545 656 3604 adeo
704 3546 1084 3618 excellerent,
1146 3553 1215 3605 ut
1274 3547 1577 3625 ingentem
1637 3548 2055 3607 monachorum
2117 3546 2561 3608 multitudinem

309 3655 510 3695 secum
555 3632 872 3707 haberent,
923 3640 990 3695 ut
1035 3634 1349 3708 Finianus,
1411 3635 1828 3695 Olonardensis
1876 3636 2227 3697 monasterii·
2266 3636 2327 3694 in
2374 3638 2561 3697 Midia

308 3725 500 3783 abbas
547 3722 768 3801 (Skene
799 3723 886 3796 ΙΙ,
918 3744 974 3800 p.
1013 3723 1138 3801 50),
1188 3728 1356 3800 cujus
1401 3725 1729 3803 discipulus
1774 3732 1834 3784 et
1879 3725 2008 3803 ipse
2041 3725 2333 3785 Columba
2380 3727 2561 3787 fuisse

306 3814 531 3871 dicitur
563 3813 693 3888 (vit.
725 3812 978 3871 Hibern.
1010 3811 1204 3871 Skene
1229 3813 1313 3885 H,
1347 3835 1482 3892 app.
1515 3836 1573 3892 p.
1610 3814 1763 3890 479)
1798 3820 1858 3873 et
1890 3812 2244 3891 Comgallus,
2293 3814 2559 3873 Bencho-

307 3900 500 3961 rensis
547 3900 610 3959 in
641 3901 891 3961 Ultonia
939 3902 1281 3961 monasterii
1314 3902 1516 3976 abbaS,
1565 3902 1891 3962 Columbae
1924 3903 2185 3978 aequalis
2218 3902 2440 3979 (Skene
2471 3903 2557 3977 II,

307 4013 364 4069 p.
403 3989 530 4066 55),
578 3991 801 4049 factum
849 3995 954 4064 est,
1005 3996 1070 4049 ut
1115 3992 1476 4051 monasteria
1524 4011 1724 4049 eorum
1772 3990 2173 4067 principatum
2216 3991 2559 4052 obtinerent

307 4080 373 4137 in
419 4079 694 4137 omnibus
738 4079 813 4138 iis
862 4080 1256 4152 monasteriis,
1307 4100 1457 4157 quae
1489 4080 1581 4139 vel
1613 4085 1861 4157 propter
1890 4079 2309 4138 monachorum
2358 4080 2555 4139 multi-

307 4168 578 4226 tudinem
626 4168 718 4227 vel
781 4168 856 4226 ad
919 4168 1412 4227 disseminandam
1476 4167 1650 4226 fidem
1714 4166 2095 4226 christianam
2154 4169 2231 4227 ab
2291 4168 2556 4247 ipsorum

307 4256 618 4335 discipulis
664 4255 728 4314 in
773 4256 1041 4316 finitimis
1087 4256 1428 4333 regionibus
1475 4256 1801 4316 constituta
1849 4265 2033 4315 erant.
2126 4255 2200 4314 In
2249 4256 2341 4316 his
2388 4258 2555 4317 nobi-

305 4344 548 4405 lissimis
606 4346 977 4405 monasteriis
1031 4350 1271 4424 praeter
1317 4345 1589 4420 Hiiense,
1650 4344 2079 4419 Clonardense,
2140 4344 2557 4409 Benchorense
