3167 4900
1529 241 1972 302 —24—

637 427 718 502 (h.
765 447 814 484 e.
869 427 919 498 1,
975 425 1051 482 12
1101 426 1212 501 sq.)
1279 452 1350 466 -·-
1422 423 1777 501 praecipuus
1838 421 2007 480 testis
2066 426 2156 479 est
2214 413 2657 478 consuetudinis
2716 415 2873 475 inter

635 515 952 574 Britonum
985 519 1045 572 et
1075 513 1474 571 Romanorum
1507 511 1799 583 ecclesias,
1848 509 2067 586 quippe
2115 509 2216 584 qui
2262 509 2620 568 ment-ionem
2667 506 2873 565 fecerit

635 605 709 662 de
758 603 1055 662 Germano
1105 623 1140 660 a
1187 600 1522 660 Coelestino
1575 620 1734 677 papa
1788 599 1849 656 in
1896 597 2275 656 Britanniam
2320 597 2543 656 misso?
2612 595 2871 657 Minime.

638 694 958 769 Quousque
1019 691 1174 749 enim
1245 689 1440 748 abiret
1501 687 1828 748 historialis
1898 685 2209 763 diligentia
2268 685 2319 744 si
2379 685 2563 744 verba
2622 690 2692 744 ut
2752 702 2871 755 „no

545 794 551 798 ·
637 800 742 842 one
787 799 896 838 can
950 778 1098 838 read
1156 775 1247 838 the
1305 775 1494 837 works
1551 775 1627 858 of
1658 773 1919 857 Proqwer
1972 771 2209 846 without
2262 773 2537 854 not-idm,
2604 770 2727 832 that
2784 769 2872 830 his

637 866 796 951 chief
814 864 992 948 olv'ect
1022 887 1144 926 was
1174 875 1232 926 to
1261 864 1526 948 maymij
1556 861 1647 924 the
1684 864 2045 944 importance
2090 861 2158 944 of
2195 860 2288 922 the
2316 860 2560 944 Popaoy
2590 863 2871 939 (Warren

636 979 692 1036 p.
743 959 852 1034 32)
899 957 1110 1016 idonea
1157 962 1382 1028 essent,
1445 955 1660 1032 quibus
1707 955 1778 1012 de
1826 953 2018 1011 medio
2064 953 2376 1012 tolleretur
2421 953 2499 1025 is,
2562 952 2666 1030 qui
2720 971 2870 1008 unus

638 1053 835 1106 exstat
881 1045 1136 1123 scriptor
1181 1044 1441 1122 aequalis
1486 1064 1673 1122 paene
1717 1043 1809 1124 iis,
1857 1042 1929 1100 de
1976 1043 2189 1119 quibus
2234 1061 2391 1100 nunc
2432 1041 2645 1118 agitur,
2693 1041 2872 1099 rebus

635 1134 863 1212 gestis?
930 1135 1178 1206 Dicant,
1244 1134 1342 1211 qui
1406 1133 1707 1211 Prospero
1765 1131 1940 1190 fidem
1998 1131 2219 1190 habere
2278 1129 2582 1204 dubitant,
2652 1130 2871 1201 dicant,

639 1244 948 1302 quemnam
1008 1228 1224 1300 putent
1283 1223 1552 1299 dignum,
1624 1221 1717 1278 cui
1770 1220 1917 1280 fides
1971 1221 2287 1279 tribuatur.
2378 1217 2482 1278 An
2544 1225 2698 1292 erat,
2770 1217 2873 1294 qui

636 1312 845 1372 melius
891 1311 1148 1370 scribere
1193 1316 1394 1389 posset
1438 1310 1512 1368 de
1557 1309 1983 1368 consuetudine
2014 1309 2172 1368 inter
2200 1309 2479 1367 Britones
2510 1315 2573 1367 et
2600 1308 2871 1378 Romam,

637 1422 814 1478 quam
844 1400 1192 1478 Prosperus,
1239 1405 1450 1478 utpote
1481 1399 1584 1476 qui
1616 1398 1967 1457 secretarius
1998 1403 2151 1456 esset
2181 1397 2403 1456 Leonis
2443 1416 2635 1476 papae
2666 1396 2871 1454 eodem

635 1490 766 1568 ipso
815 1509 996 1562 anno,
1059 1509 1175 1564 quo
1230 1489 1502 1548 ultimum
1564 1487 1722 1547 illius
1770 1486 2207 1547 consuetudinis
2253 1485 2655 1545 testimonium
2702 1485 2873 1544 nobis

637 1577 936 1636 occurrit?
1005 1575 1126 1636 Sed
1184 1578 1246 1636 id
1303 1578 1520 1654 ipsum,
1586 1576 1743 1652 quod
1800 1577 2041 1636 annales
2102 1575 2415 1635 Cambriae
2475 1577 2741 1634 referunt
2794 1572 2873 1632 de

637 1674 986 1726 cmnmwtato
1031 1685 1163 1724 cum
1209 1686 1379 1746 papa
1423 1661 1622 1724 Leone
1668 1661 1953 1744 paschate
1967 1710 1984 1734 ,
2051 1664 2433 1738 Warrenius,
2502 1664 2617 1722 nisi
2678 1663 2870 1734 fallor,

636 1754 899 1827 reticuit,
969 1755 1178 1814 dubito
1225 1776 1299 1814 an
1348 1755 1420 1812 de
1467 1755 1785 1827 industria,
1856 1775 1993 1812 nam
2050 1774 2239 1830 neque
2296 1754 2596 1811 annalium
2650 1751 2714 1810 in
2759 1751 2872 1810 hac

635 1865 700 1902 re
744 1843 890 1903 fides
937 1851 997 1902 et
1042 1845 1364 1903 auctoritas
1411 1845 1506 1918 (cf.
1552 1844 1634 1903 H.
1682 1842 1799 1901 and
1845 1840 1933 1902 St.
1980 1842 2030 1911 I,
2079 1863 2136 1920 p.
2176 1841 2299 1900 152
2349 1845 2495 1918 not.)
2542 1860 2733 1917 neque
2779 1859 2873 1898 res

635 1932 764 2010 ipsa
795 1933 1032 1992 videtur
1063 1953 1234 2011 posse
1281 1932 1483 1991 vocari
1526 1933 1587 1990 in
1635 1932 2087 1990 dubitationem.
2150 1929 2249 1988 An
2296 1931 2513 1989 mirum
2558 1936 2665 2002 est,
2712 1929 2872 2005 quod

635 2022 993 2099 imperatore
1017 2021 1442 2081 Valentiniano
1488 2020 1609 2078 III.
1656 2021 1799 2093 Le0‚
1848 2020 2203 2079 clarissimus
2248 2020 2347 2076 ille
2394 2020 2703 2097 episcopus
2751 2018 2869 2076 Ro-

635 2130 870 2182 manus,
932 2109 1335 2186 principatum
1379 2112 1625 2168 tenebat
1670 2111 1733 2168 in
1780 2110 2023 2169 ecclesia
2070 2109 2383 2168 Britonum
2400 2153 2415 2182 ,
2477 2109 2577 2185 qui
2625 2129 2692 2167 eo
2738 2107 2869 2184 ipso

637 2218 790 2258 anno
839 2198 994 2270 445,
1064 2217 1180 2273 quo
1231 2198 1716 2257 Valentinianum
1779 2198 2039 2257 edictum
2100 2217 2269 2256 suum
2330 2198 2599 2256 omnibus
2663 2202 2869 2256 notum

635 2285 887 2345 edidisse
935 2291 1194 2360 constat,
1255 2287 1504 2364 imperio
1561 2287 1833 2346 Romano
1888 2287 2143 2362 subjecti
2196 2307 2321 2346 esse
2376 2308 2494 2346 non
2545 2289 2671 2362 jam
2716 2285 2867 2342 desi-

635 2375 850 2434 erant?
920 2374 1110 2433 Immo
1163 2377 1620 2453 persuadeamus
1666 2376 1837 2435 nobis
1881 2377 2108 2454 primae
2152 2375 2369 2434 aetatis
2414 2376 2731 2435 Britonum
2780 2395 2868 2432 ec-

635 2465 869 2524 clesiam
917 2465 988 2523 de
1034 2465 1294 2541 primatu
1339 2466 1597 2524 Romani
1643 2465 1939 2543 pontificis
1986 2466 2162 2525 aliter
2216 2485 2333 2523 non
2391 2466 2639 2525 sensisse
2687 2470 2869 2540 atque

635 2560 860 2613 ceteras
903 2554 1284 2614 occidentalis
1330 2554 1565 2630 imperii
1610 2555 1963 2633 provincias.
2050 2554 2267 2613 Gildae
2314 2575 2457 2614 vero
2502 2554 2869 2631 temporibus

634 2642 852 2701 nullam
901 2642 1250 2702 Britonibus
1296 2664 1426 2701 cum
1470 2642 1757 2703 Romanis
1802 2644 2287 2704 necessitudinem
2334 2644 2515 2703 fuisse
2552 2643 2870 2702 Warrenio

633 2730 888 2789 libenter
933 2732 1204 2805 conced0,
1251 2733 1353 2791 sed
1401 2732 1543 2808 quid
1591 2734 1665 2791 de
1708 2734 1818 2792 hac
1863 2754 1927 2791 re
1968 2733 2353 2809 judicandum
2399 2733 2478 2791 sit
2522 2752 2703 2811 supra
2742 2735 2869 2807 jam

636 2820 1087 2878 commemoravi
1133 2822 1214 2898 (p.
1269 2822 1412 2897 17).*
1465 2821 1655 2893 'Quae
1702 2842 1833 2879 cum
1879 2821 1967 2881 ita
2014 2824 2150 2895 sint,
2198 2842 2317 2880 non
2361 2822 2661 2894 habemus,
2710 2821 2869 2899 quod

632 2907 914 2967 Britones
967 2908 1212 2968 ineunte
1267 2910 1501 2969 saeculo
1556 2911 1809 2988 septimo
1866 2912 2109 2971 infestos
2170 2912 2349 2970 fuisse
2395 2917 2669 2989 putemus
2717 2910 2867 2987 epis-

634 3017 780 3075 copo
827 2996 1114 3056 Romano.

809 3084 1056 3161 Rejecta
1110 3086 1296 3164 igitur
1341 3087 1637 3146 sententia
1684 3108 1911 3160 eorum,
1984 3088 2086 3165 qui
2128 3088 2401 3164 judicant
2453 3089 2595 3165 fuga
2649 3087 2865 3165 princi-

631 3181 809 3253 patus
853 3173 1111 3233 Romani
1157 3175 1422 3253 episcopi
1476 3177 1697 3236 factum
1756 3197 1906 3250 esse,
1969 3185 2038 3237 ut
2082 3177 2363 3237 Britones
2418 3178 2491 3235 de
2538 3175 2868 3254 Augustini

631 3264 948 3342 postulatis
993 3271 1360 3337 recusarent,
1407 3266 1484 3323 ad
1530 3273 1794 3325 nostram
1840 3265 2147 3325 redeamus
2195 3267 2622 3343 quaestionem,
2667 3271 2867 3324 utrum

630 3372 830 3410 amore
875 3372 1100 3409 morum
1147 3360 1532 3430 paternorum
1581 3355 1855 3413 commoti
1898 3355 2177 3414 Britones
2224 3356 2527 3414 renuerint
2571 3376 2697 3417 una
2736 3374 2868 3413 cum

631 3439 973 3517 Augustino
1020 3442 1264 3500 verbum
1297 3442 1393 3501 dei
1423 3440 1759 3503 Saxonibus
1805 3444 2147 3521 praedicare
2192 3464 2268 3502 an
2314 3444 2612 3504 noluerint
2657 3441 2869 3521 priscis

633 3528 908 3587 abdicare
963 3530 1250 3604 moribus,
1314 3532 1454 3608 quia
1499 3533 1901 3591 abhorrebant
1948 3554 1983 3590 a
2030 3532 2451 3592 consuetudine
2508 3554 2636 3591 cum
2684 3532 2865 3592 Saxo·

630 3617 820 3677 nibus.
913 3618 1120 3695 Neque
1174 3622 1299 3695 jam
1361 3620 1504 3696 quid
1564 3621 2023 3699 respondeamus
2078 3622 2322 3681 dubium
2371 3628 2489 3696 est,
2552 3628 2870 3701 postquam

629 3705 884 3765 vidimus
940 3728 1130 3784 neque
1186 3710 1248 3765 in
1305 3706 1560 3768 Gallicia
1616 3731 1807 3787 neque
1863 3710 1925 3768 in
1974 3710 2175 3769 Gallia
2228 3712 2478 3771 similem
2534 3712 2607 3769 de
2662 3711 2869 3771 iisdem

631 3795 893 3855 moribus
951 3802 1143 3855 ortam
1201 3818 1322 3857 esse
1382 3800 1843 3858 controversiam
1891 3806 2071 3877 atque
2119 3800 2181 3859 in
2228 3800 2560 3860 Britannia.
2653 3800 2871 3859 Odium

631 3885 692 3943 in
741 3884 1033 3959 Saxones,
1099 3886 1257 3963 quod
1317 3887 1538 3963 gentile
1600 3894 1728 3947 erat
1774 3888 2149 3963 BritonibuS,
2210 3890 2588 3968 praeeipuam
2636 3894 2869 3948 contro-

627 3974 856 4033 versiae
903 3995 1136 4034 causam
1183 3974 1361 4035 fuisse
1407 3975 1469 4033 in
1500 3976 1818 4035 Britannia
1850 3978 2225 4038 manifestum
2276 3998 2397 4036 esse
2444 3978 2590 4035 mihi
2632 3976 2871 4037 videtur

631 4062 811 4137 (idem
857 4064 1044 4123 sensit
1091 4064 1282 4124 Varin
1328 4070 1497 4123 mem.
1533 4067 1590 4138 2,
1637 4084 1692 4141 p.
1728 4066 1853 4123 227
1888 4060 2060 4145 sqq.).
2153 4066 2376 4125 Priscis
2422 4067 2699 4125 abdicare
2746 4086 2867 4125 mo·

627 4151 794 4209 ribus
853 4171 972 4209 non
1032 4152 1146 4211 alio
1212 4152 1452 4211 consilio
1513 4154 1628 4214 nisi
1688 4160 1757 4213 ut
1810 4156 2149 4215 societatem
2210 4156 2593 4215 christianam
2648 4156 2871 4213 inirent

627 4258 756 4297 cum
819 4239 1119 4299 Saxonum
1181 4247 1358 4317 gente
1419 4242 1679 4301 omnium
1740 4245 1993 4303 maxime
2055 4245 2169 4303 sibi
2228 4245 2449 4319 invisa,
2505 4246 2616 4303 hoc
2662 4244 2869 4302 durius

627 4334 770 4401 erat,
819 4349 995 4410 quam
1043 4330 1200 4411 quod
1247 4328 1446 4389 odium
1493 4332 1623 4391 fieri
1670 4333 1905 4393 sineret.
1968 4332 2436 4393 Acerbissimum
2484 4334 2639 4392 enim
2686 4333 2869 4392 fuisse
