3167 4900
1556 259 1944 316 -6-

623 444 684 496 et
730 436 792 494 in
837 435 1133 494 Hibernia
1179 437 1496 514 praecipue
1543 455 1725 512 opera
1757 435 2083 494 Malachiae
2129 436 2559 516 archiepiscopi
2590 437 2661 514 (†
2698 438 2865 496 1148

623 527 692 584 cf.
742 522 960 598 Sohbll,
1007 525 1266 601 Herzog,
1314 525 1389 583 R.
1436 523 1507 582 E.
1563 526 1617 584 1.
1659 524 1821 583 Aufl.
1870 525 2004 584 Art.
2052 526 2372 584 Malachias
2420 527 2478 598 8,
2524 547 2583 603 p.
2633 527 2757 584 749
2806 531 2869 585 et

622 614 758 673 Art.
806 613 1062 672 Culdeer
1110 615 1177 686 3,
1239 633 1297 690 p.
1352 613 1501 688 198)
1562 619 1625 671 et
1684 613 1747 671 in
1808 613 2010 672 Scotia
2064 615 2337 690 inprimis
2396 614 2649 674 Davidis
2708 615 2867 691 regis

622 701 1117 778 (1124—1153)
1165 709 1226 759 et
1270 701 1526 760 Roberti
1573 702 1865 779 episcopi,
1934 702 2095 760 illius
2140 704 2435 779 aequalis,
2506 723 2687 779 opera
2732 705 2865 762 sub·

623 791 852 850 stitutis
898 790 960 849 in
1008 811 1206 848 eorum
1255 791 1447 848 locum
1495 791 1793 850 canonicis
1848 792 1957 850 sub
2005 790 2331 868 Augustini
2375 793 2581 868 regula
2628 793 2864 852 canoni-

623 879 735 939 cali
767 879 1104 938 viventibus
1136 879 1358 954 (Skene
1387 877 1474 952 II,
1517 901 1576 957 p.
1611 880 1739 937 384
1772 882 1945 956 sqq.).
2039 881 2281 953 Tamen,
2330 881 2443 940 etsi
2490 881 2663 956 ejecti
2696 886 2867 939 erant

623 991 694 1027 ex
735 968 1135 1045 compluribus
1183 968 1458 1041 ecclesiis,
1504 969 1568 1026 in
1616 969 1968 1044 quibusdam
2014 970 2217 1047 paullo
2265 970 2487 1029 diutius
2533 969 2866 1047 privilegiis

623 1057 743 1116 suis
801 1057 1125 1116 utebantur
1187 1056 1408 1131 (Skene
1452 1056 1538 1131 II,
1600 1079 1657 1136 p.
1707 1058 1833 1115 399
1882 1076 1969 1133 sq.
2034 1058 2179 1116 404.
2244 1059 2371 1116 415
2420 1061 2591 1134 sqq.)‚
2651 1079 2865 1116 nomen

621 1145 802 1206 etiam
849 1145 1051 1204 XV¹¹³⁰
1097 1147 1328 1205 saeculo
1376 1146 1637 1204 occurrit
1684 1146 1914 1221 (Braun
1959 1168 2014 1223 p.
2071 1147 2193 1220 10).

801 1233 1026 1293 Verum
1075 1235 1376 1293 enimvero
1434 1233 1526 1293 his
1573 1233 1815 1292 Ouldeis
1875 1234 2023 1293 nihil
2085 1235 2174 1293 rei
2234 1255 2360 1294 esse
2424 1255 2557 1294 cum
2616 1235 2866 1312 antiqua

623 1323 936 1383 Scotorum
979 1325 1220 1382 ecclesia
1251 1323 1430 1382 dicas.
1522 1321 1719 1398 Atqui
1751 1322 2077 1396 Ebrardus,
2125 1325 2229 1400 qui
2274 1323 2551 1401 opinatus
2599 1325 2866 1402 legitima

621 1413 802 1471 fuisse
849 1431 1050 1471 eorum
1096 1412 1470 1471 matrimonia
1529 1431 1631 1471 003
1691 1413 1851 1489 ipsos
1908 1412 2206 1490 legitimos
2262 1413 2537 1472 ecclesiae
2594 1414 2863 1473 Scoticae

622 1501 958 1560 sacerdotes
1003 1499 1184 1560 fuisse
1231 1506 1422 1578 putat,
1471 1501 1648 1559 aliter
1678 1499 1921 1560 censuit.
2013 1501 2304 1576 Majorum
2336 1521 2575 1561 suorum
2606 1524 2705 1562 eos
2738 1523 2862 1562 esse

621 1589 876 1666 vestigia
923 1594 1154 1648 secutos
1201 1589 1492 1662 affirmat,
1563 1595 1625 1648 et
1668 1610 1743 1648 ne
1791 1589 2026 1648 omnino
2074 1591 2431 1650 testimoniis
2478 1598 2678 1651 careat
2719 1592 2865 1650 haec

625 1679 840 1754 opinio,
882 1681 1007 1754 jam
1056 1678 1187 1736 illos
1219 1677 1478 1738 Ouldeos
1509 1679 1845 1757 appellatos
1890 1679 2073 1738 fuisse
2122 1680 2443 1740 contendit.
2535 1681 2626 1739 At
2670 1681 2865 1759 ipsum

621 1767 1028 1826 testimonium
1058 1765 1398 1826 testimonio
1431 1772 1582 1844 eget.
1647 1767 1765 1826 Sed
1804 1769 2045 1845 longum
2078 1774 2169 1826 est
2198 1768 2397 1827 omnia
2425 1770 2574 1829 falsa
2604 1769 2867 1828 Ebrardi

621 1863 970 1932 argumenta
1001 1856 1270 1914 refellere
1303 1857 1397 1930 (cf.
1433 1864 1639 1916 contra
1656 1857 1919 1914 Ebrardi
1951 1857 2503 1916 commentationem
2536 1859 2600 1916 in
2630 1858 2867 1917 Kahnis

621 1944 910 2003 Zeitschr.
941 1946 981 2002 f.
1014 1945 1070 2002 d.
1117 1944 1252 2004 hist.
1304 1944 1507 2004 Theol.
1561 1945 1731 2002 1875
1781 1966 1838 2023 p.
1873 1945 2000 2004 465
2050 1964 2178 2022 sqq.
2224 1945 2501 2022 Loening
2546 1947 2607 2005 I..
2643 1968 2701 2025 p.
2736 1947 2862 2005 423

619 2039 766 2092 not.‘
797 2035 875 2108 1).
967 2033 1240 2105 Diluam,
1299 2054 1416 2110 quo
1463 2033 1832 2111 potissimum
1882 2035 2105 2107 utitur,
2161 2041 2593 2111 argumentum.
2686 2035 2865 2094 Teste

621 2122 776 2178 enim
822 2121 1098 2180 Ebrardo
1144 2140 1356 2181 nomen
1403 2121 1764 2182 Culdeorum
1829 2123 1889 2180 in
1952 2143 2279 2182 sermonem
2324 2124 2577 2183 latinum
2624 2143 2863 2183 conver·

621 2231 749 2270 sum
797 2215 1065 2292 apparet,
1113 2211 1451 2287 ubicunque
1495 2211 1559 2268 in
1608 2211 1747 2269 vitis
1795 2219 2150 2284 sanctorum,
2200 2213 2301 2288 qui
2347 2213 2442 2271 vel
2487 2213 2603 2290 ipsi
2648 2213 2711 2270 in
2752 2213 2864 2270 Hi-

620 2299 828 2358 bernia
869 2300 998 2358 nati
1045 2305 1184 2358 sunt
1229 2301 1321 2358 vel
1369 2301 1584 2376 quibus
1632 2320 1764 2358 cum
1810 2301 2033 2359 talibus
2078 2301 2450 2360 necessitudo
2496 2302 2628 2375 fuit,
2676 2302 2867 2360 sancti

619 2388 708 2446 illi
776 2388 930 2462 „viri
989 2389 1120 2451 dei“
1189 2390 1582 2467 appellantur.
1675 2387 1871 2467 Atqui
1932 2409 2145 2449 nomen
2209 2391 2468 2450 virorum
2531 2391 2629 2450 dei
2688 2392 2865 2468 longe

609 2478 796 2537 aliam
841 2478 962 2537 vim
1009 2479 1252 2551 habere,
1301 2484 1482 2555 atque
1528 2480 1837 2539 Ebrardus
1882 2487 2089 2557 putat,
2136 2480 2273 2539 inde
2315 2484 2438 2557 jam
2486 2481 2865 2539 manifestum

620 2572 742 2640 est,
813 2569 971 2643 quod
1015 2566 1322 2625 Romanae
1367 2588 1605 2646 quoque
1652 2568 1932 2628 ecclesiae
1978 2569 2170 2629 sancti
2216 2576 2285 2628 ut
2329 2569 2457 2647 ipse
2504 2570 2863 2641 Bonifatius,

619 2656 1020 2731 Moguntinus,
1069 2664 1132 2714 et
1162 2656 1558 2731 willibaldus,
1607 2658 2096 2731 Eichstedtensis,
2144 2660 2205 2716 in
2252 2658 2513 2734 ipsorum
2547 2658 2687 2718 vitis
2719 2678 2862 2715 non·

620 2764 944 2819 numquam
989 2744 1090 2802 illo
1122 2746 1358 2805 nomine
1389 2748 1786 2824 appellantur,
1835 2746 2203 2807 manifestius
2251 2747 2337 2818 fit,
2386 2746 2435 2805 si
2475 2752 2610 2823 jure
2642 2747 2865 2806 Skenio

618 2832 869 2907 aliisque
917 2832 1226 2892 Britannis
1273 2836 1522 2893 verbum
1555 2834 1912 2893 Culdeorum
1961 2836 2137 2893 aliter
2182 2834 2691 2912 interpretandum
2739 2856 2863 2895 esse

618 2922 809 2979 visum
857 2928 962 2980 est.
1054 2922 1148 2979 De
1195 2941 1314 2997 qua
1358 2943 1424 2980 re
1470 2922 1657 3001 ipsius
1704 2922 1911 2981 Skenii
1958 2924 2069 2998 (ΙΙ,
2110 2946 2169 3001 p.
2204 2924 2325 2981 251
2366 2931 2487 2983 not.
2523 2925 2632 2999 44)
2681 2925 2864 2983 verba

617 3010 1044 3070 transscribere
1091 3010 1234 3069 mihi
1280 3012 1485 3070 liceat:
1553 3006 1783 3084 „Ceile“
1836 3011 2072 3088 (culdei
2119 3012 2275 3070 enim
2322 3033 2589 3071 sermone
2636 3013 2863 3072 Celtico

619 3105 759 3157 sunt
807 3098 1074 3158 Oeile-de
1121 3101 1216 3159 vel
1249 3099 1536 3177 Celo-de),
1584 3100 1797 3176 inquit,
1854 3120 1955 3175 „as
2002 3122 2042 3159 a
2086 3100 2432 3161 substantive
2474 3120 2674 3161 means
2720 3098 2861 3161 litte·

616 3184 772 3267 rallsq
817 3187 1074 3259 „socius“
1136 3188 1478 3262 ‚,mar1.‘tus“‚
1525 3187 1624 3247 but
1668 3187 1713 3247 it
1755 3187 1862 3248 has
1906 3211 1947 3249 a
1992 3189 2315 3269 secondary
2359 3189 2652 3271 meaniny,
2707 3208 2863 3265 „ser-

617 3297 722 3336 vus
731 3282 782 3335 ⁴⁴.
859 3273 977 3335 Dr.
1011 3274 1228 3335 Reeves
1271 3276 1334 3336 in
1377 3276 1466 3336 leis
1511 3276 1676 3337 work
1720 3298 1796 3338 on
1838 3276 1930 3339 the
1961 3276 2194 3337 Britislz
2228 3275 2473 3339 Culdees
2518 3278 2730 3361 adopts
2774 3275 2866 3338 the

617 3365 939 3448 secondary
996 3364 1269 3446 meaniny
1283 3409 1301 3437 ,
1372 3365 1496 3425 and
1556 3366 1848 3427 considers
1909 3364 2032 3426 that
2089 3366 2135 3427 it
2187 3365 2236 3427 is
2290 3365 2506 3449 simply
2568 3364 2659 3427 the
2720 3364 2864 3427 irisk

617 3452 936 3535 equivalent
981 3453 1056 3535 of
1087 3474 1281 3513 semms
1327 3453 1450 3526 dei,
1513 3452 1696 3514 which
1711 3499 1728 3526 ,
1790 3453 1858 3515 he
1902 3476 2037 3536 says
2053 3500 2071 3527 ,
2133 3476 2255 3515 was
2300 3452 2392 3514 the
2438 3455 2723 3536 ordinary
2767 3475 2860 3516 ecc—

607 3542 878 3625 pression
905 3541 1018 3624 for
1061 3563 1102 3601 a
1145 3540 1344 3613 monle,
1392 3543 1517 3603 and
1559 3541 1731 3603 hence
1776 3552 1950 3604 starts
1996 3542 2134 3603 with
2178 3542 2270 3603 the
2312 3544 2693 3625 assumption,
2742 3542 2865 3604 that

617 3628 708 3691 the
744 3628 1021 3691 Ceile-De
1065 3650 1212 3690 were
1255 3629 1471 3713 simply
1515 3631 1735 3693 morales.
1830 3630 2079 3693 Ebrard
2108 3634 2205 3709 (de
2251 3654 2370 3710 quo
2416 3636 2532 3695 nisi
2578 3634 2689 3693 1100
2733 3636 2862 3693 1000

619 3726 680 3779 et
722 3742 780 3797 p.
825 3722 950 3779 226
1001 3721 1158 3797 apud
1206 3720 1507 3795 Skenium,
1554 3722 1670 3780 nisi
1716 3723 1909 3796 fallor,
1959 3742 2077 3780 non
2121 3722 2191 3783 fit
2236 3724 2484 3801 mentio)
2528 3719 2730 3805 rejects
2772 3720 2865 3783 the

618 3808 931 3890 renderiny
977 3807 1050 3890 by
1095 3828 1288 3869 servus
1335 3809 1446 3881 dei,
1493 3811 1618 3870 and
1662 3830 1938 3892 summ-ses
1954 3855 1971 3881 ‚
2018 3808 2141 3870 that
2185 3811 2230 3871 it
2274 3812 2325 3873 is
2368 3810 2461 3872 the
2504 3809 2667 3871 Irish.
2710 3811 2861 3893 equi-

615 3895 810 3959 valent
871 3895 944 3978 qs
991 3896 1081 3957 vir
1139 3897 1266 3969 dei3
1335 3898 1433 3958 but
1477 3896 1588 3958 this
1633 3898 1684 3958 is
1728 3896 1846 3959 still
1888 3920 2050 3960 more
2094 3897 2511 3981 objectionable.
2620 3896 2725 3959 Vir
2770 3900 2868 3961 dei

617 4007 740 4046 was
787 4007 824 4045 a
870 3995 1017 4047 term
1062 3985 1306 4070 applied
1349 3996 1406 4047 to
1452 3984 1535 4046 all
1577 3986 1759 4047 saints
1805 3988 1880 4070 of
1912 3986 2195 4050 whatever
2238 3987 2387 4049 class
2403 4034 2417 4062 ‚
2482 3989 2605 4049 and
2655 3989 2718 4049 in
2771 3987 2863 4054 the

618 4073 800 4157 litany
844 4075 919 4158 of
951 4072 1162 4157 Anqus
1173 4119 1190 4148 ,
1237 4074 1366 4136 who
1412 4072 1657 4160 himself
1689 4075 1824 4137 bore
1868 4076 1959 4139 the
2002 4098 2173 4139 name
2219 4075 2293 4158 of
2330 4074 2611 4138 Ceile-De
2656 4098 2727 4139 or
2770 4076 2863 4139 the

622 4160 836 4225 Culdee
883 4169 993 4242 (ca.
1042 4166 1203 4244 800)
1249 4164 1294 4224 it
1336 4164 1386 4225 is
1431 4164 1754 4227 translated
1801 4163 2084 4240 Fer-De,
2147 4166 2245 4227 but
2288 4165 2350 4226 in
2394 4163 2487 4226 the
2526 4164 2743 4249 9108888
2789 4187 2865 4227 οη

619 4250 710 4312 the
747 4250 812 4311 F
807 4252 943 4315 elire
975 4256 1082 4330 (=
1115 4254 1477 4331 festilogium
1509 4257 1607 4314 vel
1646 4256 1876 4333 feriale)
1925 4255 1999 4339 of
2032 4253 2239 4336 Anqus
2284 4253 2373 4316 the
2420 4256 2588 4316 word
2620 4254 2772 4316 Ceile
2813 4255 2865 4317 is

614 4340 844 4423 yles-sed
877 4340 1100 4414 Carait,
1149 4362 1217 4402 or
1243 4341 1515 4423 friend“.
1606 4345 1747 4422 Ipse
1780 4345 2033 4403 Skenius
2065 4344 2209 4421 quid
2240 4346 2459 4405 sentiat
2503 4348 2575 4405 de
2620 4346 2864 4406 notione
