3167 4900
1169 268 1613 334 -17-1

265 455 443 513 aliam
491 453 669 515 fuisse
716 453 877 532 apud
921 453 1198 514 Brit-ones
1243 459 1424 530 atque
1469 455 1645 527 alibi,
1706 476 1843 514 nam
1900 451 2209 539 „sacrficii
2259 449 2508 519 coelestis

265 542 464 602 sedeff‘
495 543 676 602 etiam
708 541 920 601 Gildas
963 542 1180 602 altaria
1209 542 1493 602 nominat.
1519 542 1544 578 ²
1605 543 1851 602 Bitibus
1882 551 2077 604 autem
2110 546 2507 622 singularibus

267 639 446 708 atque
492 631 892 710 peculiaribus
919 631 1204 690 Britones
1249 651 1384 690 usos
1431 652 1556 691 esse
1602 633 1665 690 in
1712 633 2067 710 peragendis
2114 635 2503 695 eucharistiae

264 721 625 780 solemnibus
685 725 896 796 putare
956 720 1112 778 licet.
1202 718 1279 778 In
1339 721 1432 778 his
1495 720 1813 780 verisimile
1872 728 1964 781 est
2007 721 2288 782 Britones
2343 725 2506 784 adhi-

264 809 460 868 buisse
507 829 721 887 panem
767 829 885 867 non
931 809 1365 867 fermentatum.
1455 809 1841 886 Dollingerus
1902 811 2139 886 quidem
2172 804 2175 807 ¹
2204 833 2334 870 cum
2395 814 2505 872 hoc

263 898 526 956 affirmat
550 891 908 973 (Gesohichte
937 895 1043 956 der
1072 893 1430 956 christliche-n
1460 893 1700 958 Kirche.
1762 893 2078 959 Laud-shut
2094 902 2259 974 1833,
2279 921 2351 980 p.
2368 904 2505 979 217)

254 985 485 1064 'spuriis
516 985 730 1046 Gildae
761 986 960 1045 verbis
1001 987 1233 1061 nititur,
1283 1007 1432 1062 quae
1480 1007 1636 1044 nunc
1683 993 1921 1046 exstant
1966 987 2125 1066 apud
2156 990 2237 1048 H.
2268 991 2385 1048 and
2416 989 2505 1050 St.

262 1075 316 1148 I,
363 1097 420 1152 p.
475 1076 596 1134 112
646 1095 732 1152 sq.
780 1075 876 1150 (cf.
924 1075 1004 1134 H.
1051 1076 1170 1134 and
1217 1075 1304 1134 St.
1349 1074 1400 1148 I,
1449 1096 1505 1152 p.
1558 1075 1683 1132 108
1732 1074 1919 1153 not*),
1984 1097 2092 1135 nec
2150 1083 2351 1136 tamen
2411 1100 2506 1138 res

259 1164 395 1241 ipsa
441 1165 647 1240 negari
692 1169 890 1241 potest
936 1165 1034 1239 (cf.
1065 1165 1338 1237 Warren,
1369 1186 1427 1242 p.
1465 1165 1586 1222 131
1626 1168 1800 1240 sqq.).
1892 1163 2013 1223 Sed
2060 1167 2203 1242 quid
2251 1167 2505 1226 mirum?

259 1253 486 1311 Errare
532 1253 945 1329 Dollingerum
990 1254 1100 1312 hoc
1146 1254 1452 1332 proprium
1507 1253 1689 1312 fuisse
1738 1253 2053 1312 Britonum
2112 1255 2503 1315 affirmantem

262 1342 614 1401 Warrenius
647 1342 710 1417 (l.
743 1346 817 1418 c.)
864 1342 1344 1402 luculentissimis
1373 1340 1729 1401 testimoniis
1760 1342 2209 1416 demonstravit,
2258 1344 2505 1404 eundem

261 1449 485 1488 morem
533 1435 594 1489 et
639 1430 784 1489 alibi
831 1438 893 1489 et
923 1430 1082 1508 apud
1112 1430 1346 1509 Anglos
1391 1431 1536 1508 ipsis
1569 1430 1868 1489 Theodori
1900 1431 2329 1510 archiepiscopi
2359 1435 2503 1510 quin

263 1519 444 1579 etiam
491 1517 736 1578 Alcuini
782 1520 1150 1598 temporibus
1195 1520 1374 1580 fuisse
1422 1520 1653 1578 docens.

442 1607 578 1681 Qua
621 1608 859 1667 tandem
905 1630 970 1668 re
1017 1609 1406 1668 dissentiebat
1451 1608 2056 1680 ecclesioeBritonum
2104 1609 2181 1666 ab
2226 1610 2505 1671 universa

263 1697 510 1756 ecclesia
570 1697 905 1756 catholica?
983 1693 1194 1757 Gildas
1254 1697 1328 1756 de
1389 1697 1779 1756 ordinationis
1837 1697 2057 1756 ritibus
2118 1698 2299 1756 talem
2360 1699 2503 1757 facit

263 1786 623 1846 mentionem
670 1791 784 1865 (ep.
834 1787 869 1863 ξ
924 1787 1043 1844 107
1095 1806 1181 1863 sq.
1229 1787 1300 1844 cf.
1346 1786 1619 1858 warren,
1666 1806 1723 1863 p.
1776 1787 1856 1844 69
1904 1789 2033 1862 sq.),
2080 1792 2149 1845 ut
2194 1786 2370 1845 liceat
2416 1787 2501 1846 vi-

265 1875 404 1933 dere
453 1894 551 1932 eos
599 1895 729 1933 cum
773 1875 1060 1934 Romanis
1116 1895 1234 1934 non
1289 1875 1685 1951 congruisse„
1737 1873 1857 1933 Sed
1916 1873 2025 1933 hoc
2079 1875 2319 1935 levioris
2380 1896 2501 1933 mo·

262 1963 446 2022 menti
509 1969 599 2022 est
657 1970 720 2022 et
779 1964 938 2022 infra
1005 1964 1506 2042 pertractandum.
1622 1962 1791 2021 Idem
1854 1961 2063 2022 Gildas
2127 1999 2201 2008 -—
2272 1971 2335 2023 et
2393 1966 2503 2022 hoc

263 2053 583 2110 maximum
631 2059 722 2112 est
773 2085 850 2098 -
900 2052 1074 2112 testis
1121 2059 1211 2113 est
1255 2053 1478 2111 nullam
1533 2057 1677 2110 tunc
1735 2051 2077 2110 societatem
2131 2051 2313 2110 fuisse
2370 2073 2535 2129 cum⁴

263 2141 556 2218 episcopis
615 2141 918 2201 Romanis.
969 2207 974 2214 ¹
1020 2140 1282 2201 Tantum
1343 2141 1499 2199 enim
1561 2142 1759 2214 abest,
1826 2145 1895 2198 ut
1957 2139 2166 2199 Gildas
2228 2141 2503 2218 episcopo

261 2229 534 2288 Romano
593 2231 928 2290 universam
991 2231 1292 2290 ecclesiam
1354 2229 1673 2307 regendam
1746 2249 1872 2288 esse
1941 2235 2115 2306 putet
2131 2273 2145 2302 ,
2214 2235 2283 2288 ut
2342 2229 2505 2288 dicat

261 2319 474 2396 cuique
519 2339 660 2378 vero
705 2320 997 2378 sacerdoti
1045 2320 1268 2379 dictum
1313 2339 1470 2378 esse:
1539 2326 1603 2377 tu
1648 2336 1705 2376 es
1751 2314 1965 2377 Petrus
2012 2325 2139 2391 etc„
2184 2324 2254 2377 ut
2301 2339 2503 2378 omnes

261 2408 572 2486 episcopos
616 2406 788 2467 Petri
843 2428 1202 2469 successores
1263 2428 1387 2467 esse
1445 2407 1675 2484 judicet
1735 2409 1853 2487 (ep.
1902 2406 1936 2484 ἓ
1986 2409 2087 2465 67.
2134 2428 2189 2485 p.
2241 2406 2324 2465 74
2371 2411 2501 2486 sq.),

263 2496 450 2572 Cujus
495 2496 580 2554 rei
627 2518 778 2574 quae
826 2504 954 2556 erat
999 2519 1174 2557 causa
1191 2498 1219 2555 ?
1267 2497 1544 2557 Profecto
1592 2517 1712 2555 non
1760 2496 2162 2555 controversia
2210 2497 2499 2573 quaedam

261 2605 394 2643 cum
441 2586 734 2664 episcopis
779 2586 1082 2659 Romanis,
1129 2606 1248 2644 non
1296 2585 1504 2644 odium
1539 2585 1605 2643 in
1650 2585 1978 2657 Romanos,
2026 2585 2129 2643 sed
2176 2586 2337 2643 nulla
2384 2585 2502 2643 alia

258 2694 354 2733 res
424 2674 540 2733 nisi
605 2674 942 2735 intermissa
1013 2675 1310 2735 Saxonum
1380 2679 1518 2752 post
1584 2672 1951 2731 invasionem
2024 2692 2155 2731 cum
2216 2672 2503 2733 Romanis

259 2761 640 2821 consuetudo,

438 2850 691 2910 Praeter
733 2852 908 2912 hasce
953 2852 1100 2911 duas
1145 2872 1256 2925 res,
1303 2852 1456 2911 ritus
1503 2857 1564 2910 et
1610 2849 2011 2910 intermissam
2058 2871 2190 2909 cum
2213 2851 2501 2910 Romanis

237 2940 762 3015 consuetudinem,
810 2942 970 3019 apud
1002 2940 1244 3000 Gildam
1293 2941 1378 2999 nil
1423 2940 1774 3013 invenimus,
1822 2938 1981 3015 quod
2011 2939 2331 2998 Britonum
2363 2960 2499 3017 pro-

258 3029 457 3107 prium
505 3028 620 3087 dici
665 3030 883 3108 possit,
933 3050 1095 3103 nam,
1143 3049 1294 3105 quae
1339 3030 1645 3098 feruntur,
1694 3026 1907 3087 Gildae
1954 3028 2137 3086 verba
2182 3028 2255 3085 de
2300 3027 2501 3085 Brito-

258 3138 399 3175 num
445 3126 691 3177 tonsura
739 3124 798 3177 et
843 3119 1228 3177 celebrandae
1261 3116 1651 3176 eucharistiae
1696 3134 1855 3173 more
1902 3114 2105 3192 spuria
2152 3135 2275 3175 esse
2322 3136 2501 3193 supra

258 3205 427 3284 quasi
474 3207 840 3283 praeteriens
879 3210 1003 3283 jam
1051 3204 1502 3267 commemoravi
1549 3205 1647 3280 (cf.
1694 3204 1773 3261 Η.
1806 3202 1924 3261 and
1955 3201 2043 3262 St.
2084 3203 2135 3277 Ι,
2182 3224 2241 3281 p.
2280 3205 2402 3261 112
2440 3209 2502 3262 et

253 3316 310 3372 p.
366 3296 490 3353 108
538 3292 718 3371 not*).
756 3338 772 3347 -

435 3383 830 3444 Nihilominus
883 3388 1010 3461 jam
1067 3392 1212 3443 tunc
1271 3382 1556 3461 temporis
1612 3382 1896 3440 nonnulla
1950 3381 2215 3452 fuerunt,
2284 3380 2501 3457 quibus

255 3472 538 3531 Britones
583 3472 659 3531 ab
705 3474 838 3533 aliis
885 3473 1144 3533 ecclesiis
1189 3472 1588 3531 dissentirent.
1679 3471 1773 3530 De
1831 3469 2046 3546 quibus
2102 3468 2313 3527 Gildas
2368 3490 2501 3528 cum

258 3562 616 3619 mentionem
677 3582 796 3620 non
853 3563 1035 3622 faciet
1051 3607 1066 3636 ,
1145 3560 1562 3638 suspicandum
1625 3567 1716 3619 est
1777 3570 1909 3618 eum
1972 3558 2306 3617 intermissa
2369 3578 2499 3617 cum

257 3649 394 3708 aliis
441 3650 864 3709 consuetudine
909 3651 1102 3729 ipsum
1149 3649 1495 3722 nescivisse,
1557 3668 1709 3723 quae
1756 3653 1955 3707 essent
2002 3646 2319 3706 Britonum
2365 3668 2499 3724 pro-

255 3738 388 3815 pria
408 3782 422 3811 ,
485 3740 696 3797 saltem
751 3759 868 3798 non
922 3739 1224 3812 habuisse,
1290 3738 1448 3814 quod
1503 3738 1691 3797 verba
1744 3736 1818 3794 de
1870 3735 1963 3795 his
2016 3735 2257 3795 faceret.
2346 3734 2499 3795 Nam

257 3826 419 3900 alibi,
467 3826 804 3905 ubicunque
835 3828 1114 3888 Britones
1145 3828 1303 3887 inter
1335 3827 1480 3885 alias
1521 3825 1793 3885 nationes
1837 3824 2109 3885 viventes
2156 3823 2500 3883 societatem

257 3936 389 3973 cum
437 3915 572 3974 aliis
617 3936 735 3975 non
780 3918 998 3976 habere
1045 3937 1162 3975 non
1209 3922 1514 3994 poterant,
1581 3914 1656 3972 de
1712 3913 1969 3991 propriis
2013 3913 2329 3971 Britonum
2377 3932 2497 3970 mo-

257 4004 426 4063 ribus
472 4011 616 4064 tunc
655 4008 780 4082 jam
825 4008 1132 4084 agebatur.
1225 4006 1357 4079 Qua
1403 4006 1476 4063 de
1522 4023 1697 4062 causa
1743 4022 1933 4079 pauca

441 4215 460 4246 ¹
500 4214 558 4267 A
585 4230 720 4266 vera
743 4214 1018 4280 temporis
1043 4212 1264 4265 ratione
1289 4212 1628 4275 aberrarem,
1670 4209 1717 4262 si
1744 4208 1918 4262 verba
1955 4208 2200 4262 facerem
2239 4209 2310 4262 de
2348 4226 2497 4262 com-

256 4284 524 4338 munione
550 4284 653 4338 sub
681 4288 919 4353 utraque
945 4285 1159 4351 specie;
1200 4285 1420 4336 constat
1457 4280 1608 4335 enim
1646 4297 1769 4334 eam
1807 4286 1942 4333 tunc
1980 4279 2251 4347 temporis
2288 4280 2499 4349 ubique

257 4357 319 4407 in
355 4356 596 4409 ecclesia
631 4354 691 4409 in
730 4373 832 4409 usu
870 4355 1056 4408 fuisse.

2144 4441 2180 4494 2
