3167 4900
1523 255 1957 319 ..20-

623 457 921 516 quaquam
964 437 1255 517 proficisci
1298 439 1513 517 potuit.
1575 439 1709 496 Hoc
1739 437 2017 496 Ebrardo
2046 443 2139 496 est
2184 437 2639 496 concedendum.
2700 433 2859 510 Quid

624 534 852 602 autem,
923 528 974 586 si
1034 529 1187 588 forte
1247 528 1374 605 ipse
1434 527 1740 587 Victorius
1800 527 1983 586 verba
2046 525 2345 586 addiderit
2401 525 2479 583 de
2544 525 2671 598 die,
2742 545 2861 603 qua

622 618 837 676 festum
884 617 1158 694 paschale
1205 616 1574 674 celebretur?
1632 616 1881 676 Licetne
1928 615 2039 673 hoc
2083 614 2341 693 putare?
2387 613 2580 672 Immo
2626 633 2861 674 necesse

622 711 728 766 est.
773 705 1105 764 Audiamus
1153 703 1509 782 Gregorium
1557 704 1959 764 Turonensem
2008 704 2091 779 (11.
2126 724 2172 762 6.
2205 702 2281 774 V,
2335 703 2432 762 17.
2478 703 2559 760 Η.
2606 703 2725 760 and
2770 702 2859 762 St.

620 792 706 867 II,
759 795 812 866 l,
857 815 916 872 p.
966 796 1093 870 77),
1142 794 1246 871 qui
1288 791 1604 866 „dubieta8,
1651 793 1865 872 inquit,
1902 789 2159 872 paschae
2186 790 2314 873 fhit
2359 793 2435 867 (a.
2482 791 2538 848 d.
2588 791 2740 866 590)
2788 789 2858 850 ob

619 879 727 944 hoc
743 924 760 953 ,
829 881 989 962 quod
1046 881 1109 941 in
1153 879 1308 964 cyclo
1370 877 1565 942 Victor
1624 879 1795 941 lunae
1838 881 2066 942 decima
2118 879 2323 961 quinta
2353 875 2588 960 pascha
2631 877 2861 959 scripsit

595 969 766 1052 fieri3
833 970 936 1029 sed
978 989 1049 1028 we
1098 966 1444 1042 quvistiawi,
1503 979 1566 1030 ut
1612 966 1865 1043 helaei,
1914 969 2019 1030 sub
2062 967 2173 1028 hac
2214 966 2358 1028 lum
2400 965 2539 1026 haec
2582 964 2860 1027 solemnia

617 1055 983 1130 celebrarem,
1030 1058 1311 1120 addidit“
1356 1061 1454 1136 (cf.
1501 1060 1695 1137 ipsum
1740 1059 2080 1120 Ebrardum
2126 1080 2185 1136 p.
2234 1058 2363 1134 34).

797 1146 911 1206 Sed
960 1168 1309 1226 quocunque
1357 1149 1529 1208 modo
1586 1169 1681 1209 res
1740 1170 1867 1208 sese
1920 1149 2125 1222 habet,
2188 1168 2319 1206 cum
2382 1147 2575 1222 cyclus
2622 1145 2723 1203 ille
2770 1145 2855 1202 84

618 1256 921 1294 annorum.
951 1243 1078 1295 tum
1124 1258 1250 1296 mos
1305 1237 1406 1296 ille
1453 1238 1793 1297 celebrandi
1846 1238 2007 1297 intra
2062 1239 2237 1296 lunae
2289 1235 2494 1292 l4m⁸¹¹¹
2542 1239 2603 1292 et
2649 1235 2858 1292 20m⁸m

616 1325 916 1401 prioribus
961 1326 1333 1403 temporibus
1380 1326 1619 1384 minime
1666 1327 1985 1387 Britonum
2030 1325 2307 1405 proprius
2354 1329 2511 1396 erat,
2573 1323 2689 1401 ipsi
2734 1323 2856 1382 Ro-

617 1413 774 1471 mani
821 1415 1022 1489 quarti
1079 1415 1297 1472 saeculi
1355 1416 1497 1492 quin
1553 1417 1731 1475 etiam
1789 1415 2049 1475 ineuntis
2102 1413 2300 1491 quinti
2354 1413 2573 1472 saeculi
2628 1419 2855 1490 tempo-

617 1503 782 1560 ribus
829 1509 890 1560 et
937 1523 1096 1561 more
1143 1503 1244 1561 illo
1279 1511 1340 1562 et
1370 1505 1530 1580 cyclo
1561 1506 1887 1565 utebantur
1920 1506 2015 1580 (cf.
2047 1502 2285 1562 Ebrard
2317 1521 2374 1578 p.
2408 1501 2492 1558 40
2528 1506 2591 1559 et
2634 1523 2695 1579 p.
2728 1501 2855 1576 36).

615 1590 875 1650 Romani
919 1592 1148 1652 duobus
1194 1593 1441 1652 saeculis
1487 1600 1625 1671 post
1668 1615 1841 1654 usum
1894 1613 2063 1653 suum
2118 1595 2653 1661 commutaverant,
2718 1589 2854 1647 Bri-

615 1686 786 1738 tones
847 1680 1024 1740 etiam
1084 1687 1226 1740 tunc
1287 1702 1448 1740 more
1509 1686 1798 1758 majorum
1854 1683 2191 1742 utebantur.
2286 1679 2448 1754 Quid
2508 1697 2647 1755 ergo
2698 1678 2855 1754 judi·

619 1768 872 1827 candum
919 1775 1010 1828 est
1056 1771 1128 1828 de
1175 1770 1286 1830 hac
1335 1771 1779 1831 controversia?
1848 1771 1993 1844 11161,
2066 1770 2223 1848 quod
2274 1771 2400 1844 jam
2444 1766 2613 1826 Beda
2666 1767 2857 1826 simile

616 1857 770 1917 dixit
833 1859 906 1916 de
955 1857 1182 1931 Scotis,
1251 1861 1643 1937 permansisse
1704 1861 1861 1919 hunc
1922 1856 2305 1936 computandi
2364 1857 2503 1916 festi
2561 1855 2857 1934 paschalis

613 1967 835 2006 morem
897 1948 1056 2025 apud
1117 1948 1396 2007 Britones
1457 1957 1689 2028 „utpote
1732 1947 1935 2029 quibus
1988 1944 2152 2028 lonye
2202 1943 2361 2005 ultra
2416 1943 2612 2004 orbem
2649 1942 2858 2023 positis

610 2053 776 2094 mmo
835 2033 1144 2114 synodalia
1195 2033 1496 2116 paschalis
1565 2033 1954 2098 observantiae
2020 2035 2247 2096 decreta
2301 2032 2703 2114 porrexisse&
2759 2034 2859 2109 (cf.

611 2123 780 2181 Beda
825 2125 882 2182 h.
931 2145 977 2183 e.
1027 2126 1084 2198 3,
1134 2127 1235 2199 25,
1285 2127 1319 2204 ξ
1369 2128 1540 2203 233).
1634 2127 1808 2201 Quod
1856 2127 2121 2204 profecto
2178 2123 2400 2183 nemini
2455 2123 2667 2190 mirum
2722 2122 2856 2195 erit,

613 2211 716 2288 qui
762 2232 958 2270 secum
1005 2215 1398 2292 reputaverit,
1458 2235 1635 2293 quam
1682 2214 1923 2274 difficile
1970 2221 2113 2274 tunc
2159 2213 2358 2272 fuerit.
2387 2213 2545 2271 inter
2588 2211 2855 2271 homines

608 2302 1036 2360 commercium.
1127 2303 1256 2381 Ipsi
1289 2303 1504 2363 aetatis
1534 2304 1695 2362 illius
1727 2303 1993 2363 homines
2038 2303 2153 2366 sibi
2200 2300 2419 2360 conscii
2464 2306 2637 2358 erant
2680 2299 2873 2358 nimis·

599 2389 813 2450 multis
860 2397 922 2451 et
975 2391 1204 2469 magnis
1260 2391 1713 2453 difficultatibus
1769 2394 2135 2453 obstructam
2195 2411 2320 2451 esse
2382 2388 2726 2449 concordem
2790 2388 2850 2446 in

609 2478 887 2545 universa
920 2481 1162 2540 ecclesia
1207 2482 1346 2541 festi
1390 2482 1686 2559 paschalis
1732 2482 2205 2541 celebrationem.
2265 2480 2417 2537 Inde
2461 2478 2587 2536 fieri
2636 2477 2850 2556 potuit,

607 2573 677 2625 ut
720 2568 940 2646 passim
989 2569 1094 2644 (H.
1143 2571 1258 2629 and
1306 2570 1394 2630 St.
1442 2570 1528 2645 II,
1583 2572 1612 2629 1
1665 2594 1723 2650 p.
1777 2572 1901 2630 100
1950 2577 2071 2631 not.
2120 2573 2179 2647 a)
2225 2569 2289 2627 in
2336 2567 2581 2628 ecclesia
2626 2566 2849 2625 dissen-

609 2656 802 2717 siones
849 2657 1173 2718 existerent
1217 2660 1290 2717 de
1335 2666 1604 2738 tempore
1658 2660 1798 2719 festi
1841 2660 2135 2738 paschalis
2180 2677 2371 2733 neque
2428 2656 2600 2714 simul
2646 2656 2851 2715 statim

609 2744 860 2804 schisma
921 2752 1206 2805 oreretur.
1297 2747 1508 2825 Neque
1569 2748 1745 2807 aliter
1812 2748 1874 2807 in
1938 2746 2139 2807 Gallia
2209 2767 2303 2806 res
2373 2765 2499 2805 6666
2572 2744 2848 2803 habebat.

606 2834 698 2893 Ne
744 2834 998 2911 amplius
1053 2834 1178 2894 dies
1235 2836 1375 2895 festi
1433 2837 1729 2914 paschalis
1788 2844 1990 2915 posset
2035 2836 2235 2896 vocari
2292 2835 2357 2893 in
2418 2831 2849 2893 dubitationem

608 2922 854 2981 concilio
913 2920 1328 2983 Aurelianensi
1394 2946 1528 2984 ann.
1590 2926 1709 2983 541
1780 2928 1931 3003 (can.
1988 2926 2098 2998 IV,
2164 2927 2193 2983 1
2246 2924 2325 2982 Η.
2373 2923 2492 2981 and
2536 2920 2627 2981 St.
2672 2922 2760 2995 H,
2815 2923 2842 2978 1

605 3032 663 3089 p.
715 3014 750 3068 7
759 3010 823 3087 5)
869 3012 1112 3090 placuit,
1159 3020 1223 3071 ut
1267 3022 1530 3073 sanctam
1561 3011 1793 3094 pascha
1838 3013 2155 3075 secundum
2208 3008 2551 3073 laterculum
2613 3005 2855 3069 Victorii

604 3096 680 3157 ab
724 3098 987 3159 omnibus
1029 3100 1419 3163 sacerdotibus
1460 3122 1578 3162 uno
1632 3111 1885 3186 tempore
1937 3101 2317 3163 celebraretur
2361 3145 2375 3160 .
2421 3144 2437 3159 .
2484 3098 2558 3159 de
2598 3118 2717 3181 qua
2755 3117 2848 3158 6ο-

605 3184 867 3247 lennitate
895 3188 1112 3268 quoties
1143 3186 1367 3270 aliquid
1395 3189 1773 3264 dubitaretur,
1802 3191 2075 3274 inquisita
2118 3188 2208 3250 vel
2250 3188 2449 3270 aquita
2480 3206 2599 3268 per
2642 3181 2851 3248 metro-

589 3272 888 3355 politanos
918 3296 959 3335 a
987 3276 1119 3339 sede
1149 3276 1467 3360 apostolica
1503 3299 1676 3339 sacra
1714 3279 2033 3341 combinatio
2070 3288 2363 3339 teneretur.
2452 3276 2847 3339 Nihilosecius

604 3365 772 3423 annis
807 3364 930 3423 577
967 3372 1028 3425 et
1061 3366 1187 3426 590
1219 3368 1436 3426 iterum
1468 3369 1540 3427 de
1588 3370 1789 3429 eadem
1838 3390 1901 3427 re
1948 3374 2080 3428 orta
2126 3373 2217 3427 est
2262 3366 2574 3439 dissensi03
2620 3362 2845 3439 Latini,

603 3453 800 3529 inquit
845 3452 1173 3531 Gregorius
1221 3454 1552 3516 Turonenis
1600 3458 1803 3517 eodem
1859 3460 2014 3531 1666,
2076 3460 2241 3533 cujus
2296 3461 2527 3534 partem
2585 3456 2843 3535 priorem

603 3562 782 3619 supra
828 3545 1410 3605 commemoravimus
1470 3546 1550 3622 (h.
1600 3568 1647 3605 e.
1695 3546 1772 3620 V,
1833 3548 1931 3605 17.
1978 3547 2056 3604 H.
2104 3545 2222 3605 and
2268 3543 2356 3604 St.
2403 3544 2490 3619 H,
2543 3544 2571 3601 1
2625 3565 2683 3622 p.
2733 3543 2845 3618 77)

603 3630 1054 3692 celebraverunt
1099 3631 1269 3693 lunae
1311 3632 1591 3715 viyesima
1634 3634 1903 3694 secunda.
2000 3624 2088 3695 Ob
2132 3632 2240 3695 hoc
2270 3634 2416 3710 (scil.
2450 3633 2608 3711 quod
2639 3632 2847 3693 Victo-

601 3720 725 3777 rius
779 3720 954 3779 lunae
1011 3722 1234 3781 decima
1293 3724 1503 3802 quinta
1557 3724 1779 3801 pascha
1834 3724 2071 3803 scripsit
2121 3723 2252 3782 fieri
2307 3724 2377 3782 cf.
2424 3724 2626 3801 supra)
2672 3716 2852 3780 multi

599 3805 663 3867 in
713 3802 918 3869 Gallia
963 3808 1188 3870 decima
1241 3811 1444 3894 quinta
1498 3808 1936 3871 celebraverunt.
2028 3808 2163 3873 Nos
2206 3822 2400 3873 autem
2442 3809 2717 3891 viyesima
2760 3828 2844 3869 66-

600 3896 813 3961 cunda.
905 3898 1140 3973 Nonne,
1211 3901 1324 3959 etsi
1378 3901 1528 3959 illud
1586 3898 1657 3959 ob
1710 3897 1819 3961 hoc
1872 3902 2011 3961 huic
2068 3901 2333 3979 opinioni
2391 3920 2511 3959 non
2572 3900 2846 3977 quadrat,

600 3985 916 4045 verisimile
963 3993 1054 4046 est
1098 3989 1231 4047 illos
1278 3985 1579 4061 „multos“
1626 3989 1773 4048 alios
1830 4010 1947 4049 non
2002 3992 2183 4049 fuisse
2238 3989 2351 4049 nisi
2397 3989 2679 4049 Britones
2722 3988 2844 4047 Ar-

599 4076 926 4133 moricanos
942 4119 956 4147 ,
1018 4097 1268 4151 quorum
1322 4078 1665 4155 provinciae
1737 4078 1949 4139 civitas
2021 4078 2383 4137 Turonensis
2454 4085 2585 4138 erat
2649 4078 2847 4140 vicina

597 4164 704 4237 (H.
751 4164 868 4223 and
915 4163 1002 4223 St.
1050 4164 1138 4238 ΙΙ,
1191 4168 1219 4223 1
1272 4188 1331 4244 p.
1369 4168 1448 4224 77
1493 4172 1617 4225 not.
1650 4166 1752 4243 a)?
1797 4166 2112 4227 Britonum
2160 4168 2315 4225 enim
2360 4188 2523 4227 more
2570 4167 2847 4245 congruit

599 4251 825 4310 decima
886 4253 1096 4327 quinta
1154 4253 1328 4312 lunae
1390 4256 1719 4330 celebrare,
1788 4263 1850 4315 et
1908 4256 2075 4314 ullud
2134 4253 2247 4327 „ob
2306 4254 2456 4315 koc“
2517 4255 2846 4334 Gregorius

595 4360 830 4399 causam
885 4340 1098 4399 afferre
1154 4343 1392 4419 cupiens
1450 4345 1522 4402 de
1578 4345 1701 4403 suis
1762 4345 2012 4404 addidit.
2104 4344 2237 4418 Qua
2284 4344 2345 4403 iu
2390 4366 2455 4403 re
2498 4346 2561 4405 id
2604 4346 2843 4425 potissi-
