3167 4900
1191 221 1629 278 —23-

295 398 493 475 (Beda
535 398 592 456 h.
633 418 682 460 e.
721 400 774 472 1,
809 400 889 456 27
923 400 960 477 ἓ
996 398 1121 474 65).
1212 398 1419 475 Neque
1463 398 1739 475 ignorare
1785 398 1982 476 potuit
2029 397 2351 478 Gregorius
2396 400 2535 460 Bri·
2601 427 2606 432 ·

258 493 466 571 ,ἱοιιεε
527 507 830 564 nunquam
875 488 1040 565 genti
1088 485 1390 546 Saxonum
1437 507 1568 544 cum
1626 487 1771 564 ipsis
1823 487 2199 548 Britanniam
2254 488 2539 548 incolenti

294 577 544 636 verbum
589 575 728 636 fidei
771 576 1170 654 praedicando
1225 575 1582 636 commisisse
1645 575 1837 651 (Beda
1880 577 1936 636 h.
1984 597 2031 635 e.
2086 578 2139 650 1,
2189 579 2270 634 22
2322 579 2357 655 ἓ
2408 579 2533 655 50).

472 665 650 724 Hanc
695 666 886 743 ipsam
932 667 1008 724 ob
1057 685 1291 724 causam
1339 663 1745 741 Augustinum
1788 661 2085 745 adjutorio
2130 686 2303 726 usum
2332 663 2533 728 Aedil-

293 753 471 814 bercti
502 750 960 814 Cantuarlomm
1004 752 1154 834 regis
1201 773 1537 813 convocasse
1579 753 1665 813 acl
1710 750 2061 834 colloquium
2091 754 2391 836 episcopos
2423 755 2537 816 eive

294 843 555 904 doctores
611 842 930 922 pros-imae
988 838 1310 902 Bm'tonum
1363 840 1707 922 prom'nciae
1769 843 1941 902 testis
2002 849 2093 902 est
2146 843 2313 902 Beda
2359 845 2439 920 (h.
2488 865 2534 902 e.

297 935 355 1006 2,
407 935 443 990 2
495 933 530 1009 ξ
582 933 690 1008 91)
737 932 904 1009 isque
950 931 1064 990 fide
1111 931 1344 1008 dignus.
1433 930 1619 1004 Nam,
1667 931 1718 990 si
1762 932 1937 1008 longe
1982 931 2117 992 aliis
2161 934 2336 992 rebus
2383 953 2535 992 com-

294 1027 490 1080 motus
537 1025 692 1080 esset
736 1019 1138 1098 Augustinus,
1186 1025 1254 1079 ut
1299 1025 1506 1096 ageret
1551 1040 1684 1078 cum
1730 1020 2109 1094 Britonibus,
2155 1027 2353 1080 tamen
2399 1041 2535 1099 pru-

293 1109 491 1169 dentis
537 1109 744 1168 fuisset
789 1110 850 1167 in
899 1109 1188 1185 colloquio
1235 1109 1372 1168 inde
1419 1103 1745 1168 sermonem
1786 1109 2017 1182 ducere,
2064 1110 2225 1186 quod
2257 1109 2537 1170 Britones

293 1199 358 1258 in
405 1197 816 1258 convertendis
861 1198 938 1257 ad
983 1197 1366 1258 christianam
1411 1197 1588 1256 fidem
1620 1187 1953 1257 Sax'onibus
1999 1199 2259 1257 nondum
2304 1199 2535 1258 labora·

295 1287 537 1360 vissent‚
585 1293 768 1363 atque
813 1288 1058 1346 eandem
1105 1287 1224 1345 vim
1271 1287 1494 1346 habent
1539 1287 1741 1360 verba,
1788 1307 1939 1363 quae
1970 1287 2250 1346 Britones
2296 1307 2534 1366 respon·

295 1376 539 1449 derunt,
602 1375 726 1436 sive
771 1377 1000 1435 sincera
1045 1376 1163 1434 fuit
1208 1376 1334 1435 sive
1379 1376 1657 1435 simulata
1702 1373 2032 1452 Augustini
2075 1395 2183 1452 pro
2229 1376 2537 1454 evangelio

295 1464 524 1524 Christi
581 1483 738 1524 cura.
827 1466 1162 1526 Noluerunt
1217 1465 1370 1523 enim
1433 1484 1552 1522 una
1616 1485 1747 1522 cum
1803 1463 2145 1542 Augustino
2202 1462 2537 1524 Saxonibus

295 1554 546 1614 verbum
591 1554 835 1612 Domini
880 1554 1226 1632 praedicare
1273 1553 1466 1629 (Beda
1495 1554 1553 1611 h.
1587 1574 1633 1610 e.
1671 1555 1727 1626 2,
1763 1555 1799 1610 2
1834 1555 1870 1630 ξ
1907 1555 2032 1630 93).
2096 1554 2228 1626 Qua
2256 1554 2333 1612 de
2362 1573 2539 1613 causa

295 1642 653 1702 noluerunt?
720 1642 968 1704 Famam
1012 1643 1326 1720 perhibere
1356 1641 1635 1701 Britones
1680 1642 1962 1719 superbia
1992 1641 2323 1718 Augustini
2352 1643 2539 1702 iratos

295 1753 422 1791 esse
471 1731 662 1807 (Beda
693 1731 749 1791 h.
785 1753 832 1790 e.
867 1733 924 1805 2,
961 1733 997 1790 2
1031 1733 1068 1808 ξ
1103 1732 1210 1808 93)
1259 1751 1430 1790 nemo
1477 1737 1584 1803 est,
1632 1730 1736 1806 qui
1781 1731 2021 1790 nesciat.
2098 1730 2216 1790 Sed
2262 1731 2314 1790 si
2360 1751 2534 1808 pone·

294 1841 495 1880 remus
524 1841 734 1880 revera
765 1821 962 1881 omnia
992 1820 1079 1880 ita
1111 1839 1249 1878 esse·
1285 1826 1434 1893 acta,
1481 1826 1550 1880 ut
1594 1821 1754 1878 fama
1799 1819 2091 1897 perhibet,
2138 1819 2359 1879 nemini
2403 1840 2534 1897 per·

295 1911 648 1970 suaderetur
707 1930 943 1969 causam
997 1910 1287 1968 renuendi
1331 1931 1368 1968 a
1413 1908 1693 1986 superbia
1746 1909 1851 1967 illa
1893 1907 2211 1985 repetitam
2257 1929 2294 1966 a
2337 1907 2535 1968 Brito·

296 2000 474 2058 nibus
517 1998 932 2076 interpositam
979 2018 1098 2058 non
1146 2019 1287 2058 esse.
1381 1998 1548 2070 Quae
1594 1998 1833 2056 tandem
1882 2004 2011 2056 erat
2056 1997 2271 2056 causa?
2388 2043 2393 2047 .

481 2087 626 2146 Tria
697 2108 826 2146 cum
899 2085 1274 2164 Augustinus
1343 2086 1619 2146 tradatur
1688 2087 2013 2164 postalasse
2074 2107 2109 2143 a
2167 2085 2537 2159 Britonibus,

296 2177 580 2256 primum,
627 2184 690 2234 ut
731 2172 953 2255 pascha
997 2195 1103 2235 suo
1148 2183 1402 2257 ternpore
1446 2171 1817 2251 celebrarent,
1876 2181 2003 2235 tum
2048 2183 2113 2233 ut
2157 2172 2538 2235 ministerium

297 2264 642 2346 baptizandi
669 2261 850 2345 juxta
893 2283 1116 2324 morem
1161 2273 1390 2324 sanctae
1437 2261 1748 2324 Romanae
1791 2271 1847 2323 et
1886 2261 2232 2344 apostolicae
2276 2260 2538 2324 ecclesiae

297 2351 672 2436 complerent,
738 2354 992 2431 denique
1047 2362 1110 2414 ut
1158 2352 1315 2434 yenti
1365 2349 1705 2434 Anyloram
1756 2371 1877 2412 una
1930 2372 2065 2412 cum
2115 2351 2259 2436 ipsis
2302 2350 2538 2412 verbum

297 2440 552 2505 Domini
566 2441 986 2525 praedicarent
1017 2443 1211 2521 (Beda
1241 2444 1278 2502 1.
1311 2445 1400 2520 c.),
1449 2441 1683 2502 exsistit
1714 2442 1999 2518 quaestio,
2030 2449 2231 2502 utrum
2256 2441 2535 2501 Britones

298 2534 546 2593 tertium
591 2534 740 2593 illud
799 2533 1130 2607 renuerint,
1191 2534 1332 2609 quia
1387 2532 1589 2609 priora
1642 2532 1833 2589 facere
1881 2532 2224 2603 noluerunt,
2286 2551 2363 2589 an
2409 2530 2534 2589 vice

299 2644 468 2683 versa
513 2623 658 2682 haec
704 2622 822 2681 duo
869 2623 1190 2695 renuerint,
1239 2621 1378 2698 quia
1423 2620 1574 2679 illud
1615 2619 2097 2698 repudiaverunt.

480 2710 614 2772 Aut
657 2712 768 2770 hoc
813 2718 920 2770 aut
963 2711 1111 2769 illud
1157 2710 1570 2771 affirmandum
1618 2716 1724 2769 est.
1814 2708 1870 2767 Ii
1917 2709 2099 2781 enim,
2146 2708 2249 2785 qui
2293 2708 2538 2769 tertium

302 2801 542 2879 aliquod
589 2801 703 2861 sibi
748 2799 982 2877 fingunt
1027 2800 1393 2859 affirmantes
1437 2799 1719 2857 Britones
1774 2798 1996 2876 quippe
2046 2797 2263 2857 liberos
2316 2797 2536 2875 princi·

302 2897 448 2968 patu
477 2890 736 2950 Romani
778 2889 1077 2967 pontificis
1107 2890 1366 2949 noluisse
1412 2908 1474 2947 se
1521 2888 1813 2963 subJ'icere
1842 2886 2245 2946 Romanorum
2276 2886 2537 2945 dominio

309 3014 380 3021 -
435 2980 532 3038 vel
576 2979 797 3056 quippe
852 2999 1062 3057 puram
1122 2978 1413 3055 evangelii
1465 2977 1798 3036 doctrinam
1854 2975 2140 3035 habentes
2194 2974 2538 3053 repudiasse

304 3068 768 3129 communionem
801 3088 932 3127 cum
964 3067 1209 3125 ecclesia
1241 3065 1548 3137 catholica,
1579 3065 1955 3124 vehementer
1986 3070 2201 3122 errant.
2264 3061 2539 3122 Alteram

302 3157 464 3217 illam
517 3158 728 3215 falsam
783 3156 1119 3235 opinionem
1177 3155 1410 3227 omitt0,
1481 3174 1619 3211 nam
1674 3152 1991 3211 Britonum
2055 3152 2361 3211 ecclesiam
2422 3150 2539 3210 fide

304 3266 676 3336 nequaquam
737 3245 1080 3305 dissensisse
1142 3245 1218 3304 ab
1277 3244 1512 3303 unitate
1573 3241 1889 3314 catholica,
1959 3241 2105 3301 satis
2152 3262 2183 3299 e
2241 3240 2540 3318 prioribus

303 3332 558 3415 apparet
624 3355 813 3411 neque
877 3353 1026 3412 opus
1094 3340 1187 3394 est
1246 3334 1524 3409 colligere
1586 3330 1925 3391 testimonia
1986 3350 2057 3389 ex
2116 3329 2304 3407 ipsius
2362 3330 2540 3405 hujus

300 3426 517 3484 tertiae
563 3424 780 3483 aetatis
827 3423 1230 3500 scriptoribus.
1306 3422 1484 3481 Prior
1529 3427 1729 3480 autem
1775 3420 1877 3479 illa
1922 3419 2219 3479 sententia
2266 3419 2441 3479 claris
2472 3439 2541 3481 ao

303 3514 496 3592 planis
543 3511 898 3573 testimoniis
945 3512 1048 3573 vix
1092 3511 1345 3571 refutari
1390 3516 1621 3589 potest,
1686 3530 1792 3569 nec
1853 3515 2050 3569 tamen
2110 3508 2355 3568 dubium
2417 3528 2541 3567 esse

303 3608 528 3680 potest,
589 3602 732 3679 quin
786 3602 936 3661 falsa
993 3600 1095 3674 sit,
1161 3620 1501 3677 quanquam
1553 3598 1681 3676 ipse
1728 3598 2075 3657 Warrenius
2122 3599 2203 3675 (p.
2254 3599 2335 3655 29
2383 3598 2541 3674 sqq.)

302 3691 440 3751 huic
495 3690 824 3751 sententiae
881 3689 1118 3751 videtur
1171 3691 1390 3750 favere.
1480 3686 1859 3765 Argumenta
1923 3686 2075 3745 enim
2136 3707 2255 3745 non
2312 3686 2541 3745 desunt.

303 3781 456 3841 Nam
489 3779 714 3858 primae
747 3779 960 3840 aetatis
991 3778 1308 3837 Britonum
1340 3777 1645 3837 ecclesiam
1675 3775 1808 3854 pari
1847 3776 2021 3835 modo
2066 3780 2246 3852 atque
2292 3774 2541 3834 aliarum

307 3868 745 3949 provinciarum
779 3869 1052 3929 ecclesias
1075 3868 1381 3927 Romanae
1414 3866 1690 3925 ecclesiae
1722 3864 1997 3944 episcopo
2043 3864 2265 3943 primas
2310 3862 2541 3921 dedisse

305 3958 678 4017 manifestum
748 3963 854 4017 est.
961 3956 1063 4015 An
1125 3960 1260 4033 jure
1316 3955 1670 4015 Warrenius
1739 3956 1819 4029 (p.
1886 3954 1969 4013 30
2031 3955 2213 4030 sqq.),
2284 3949 2543 4010 Schoelii

305 4048 535 4107 nescius
587 4046 841 4123 vestigia
903 4051 1136 4105 secutus
1196 4044 1370 4104 fidem
1433 4042 1753 4119 abrogavit
1802 4041 2098 4118 Prospero
2156 4039 2543 4117 Aquitanico,

310 4137 409 4211 qui
450 4170 526 4179 -
562 4142 801 4214 praeter
844 4136 1035 4194 locum
1079 4135 1246 4191 illum
1292 4154 1366 4193 ex
1397 4132 1709 4191 annalibus
1740 4129 2053 4189 Cambriae
2086 4149 2267 4207 supra
2296 4129 2542 4187 allatum

305 4226 390 4303 (p.
441 4226 550 4302 12)
599 4230 662 4284 et
705 4232 945 4303 praeter
987 4223 1240 4294 Bedam‚
1303 4223 1405 4300 qui
1461 4222 1534 4279 de
1598 4220 1870 4280 civilibus
1914 4220 2089 4277 rebus
2134 4218 2373 4277 ineunte
2418 4236 2544 4275 sae·

307 4315 435 4373 culo
499 4314 710 4393 quinto
773 4334 905 4373 cum
965 4311 1252 4372 Romanis
1309 4309 1663 4371 Britonibus
1732 4308 2037 4385 negotium
2105 4308 2285 4367 fuisse
2360 4308 2546 4367 refert
