3167 4900
1496 218 1928 275 —90—

596 397 975 472 conspectum
1022 392 1273 455 aliorum
1316 394 1622 453 hominum
1666 394 2088 473 processerint,
2133 401 2296 455 recte
2341 416 2581 475 sperare
2627 416 2838 475 possu-

597 502 726 543 mus
772 483 917 556 fore,
962 489 1033 541 ut
1076 482 1141 541 in
1186 483 1423 541 illorum
1452 484 1580 543 vita
1611 482 1927 543 Scotorum
1972 504 2166 543 mores
2211 484 2680 545 manifestissimi
2723 486 2842 545 sub

596 575 903 649 aspectum
948 571 1121 631 nobis
1164 571 1579 647 subjiciantur.
1669 570 1962 632 Attamen
2007 573 2148 648 quia
2199 572 2320 650 ipsi
2363 572 2530 633 Scoti
2573 575 2842 676 peregri-

597 666 809 719 nantes
855 659 1002 719 adeo
1048 660 1351 737 peregrini
1396 667 1569 719 crant
1613 661 1677 718 in
1731 661 1844 720 hoc
1898 661 2146 733 mundo,
2207 667 2300 733 ut,
2361 662 2630 738 quamvis
2682 664 2843 739 peri-

597 747 814 809 tissimi
858 755 1053 808 essent
1098 748 1412 821 scribendi,
1457 756 1659 808 tamen
1703 749 2072 809 voluntatem
2117 768 2236 809 non
2287 750 2579 809 haberent
2621 750 2844 811 litteris

601 836 1005 913 consignandi,
1054 856 1206 914 quae
1250 836 1369 915 ipsi
1412 837 1646 915 experti
1691 844 1914 910 essent,
1961 856 2114 914 quae
2159 838 2466 910 docerent,
2515 858 2668 914 quae
2713 840 2841 899 lau·

598 925 833 1005 darent,
896 945 1049 1001 quae
1109 924 1546 1002 vituperarent,
1609 960 1694 971 --
1746 925 1854 985 illa
1911 946 2048 1005 spes
2111 945 2220 987 nos
2279 926 2663 999 destitueret,
2723 928 2842 987 nisi

598 1014 811 1073 fuisset
856 1012 1145 1073 Columba
1156 1014 1206 1090 1)
1253 1013 1667 1074 Luxoviensis.
1757 1014 1894 1086 Hic,
1941 1014 2203 1075 omnium
2249 1012 2578 1087 Scotorum,
2625 1014 2734 1091 qui
2778 1016 2842 1075 in

602 1101 1005 1161 continentem
1035 1110 1343 1176 venerunt,
1390 1103 1551 1162 haud
1595 1102 1776 1162 dubie
1823 1102 2205 1175 clarissimus,
2251 1122 2405 1163 unus
2449 1110 2556 1177 est,
2600 1103 2674 1162 de
2723 1124 2842 1181 quo

600 1190 789 1249 multa
841 1189 1155 1249 memoriae
1199 1192 1439 1270 prodita
1484 1193 1630 1263 sint,
1678 1192 1929 1269 primus,
1976 1191 2050 1251 de
2095 1210 2212 1268 quo
2259 1192 2498 1251 omnino
2533 1193 2690 1265 ,certi
2737 1192 2844 1251 ali·

602 1278 747 1356 quid
802 1278 921 1339 dici
952 1280 1159 1358 possit.
1220 1281 1375 1341 Nam
1422 1279 1497 1339 de
1540 1280 1668 1340 vita
1713 1278 2034 1352 Fridolini,
2082 1300 2256 1356 quem
2301 1300 2422 1340 non
2468 1281 2594 1341 sine
2639 1281 2845 1357 aliquo

594 1370 731 1443 jure
773 1367 1033 1446 primum
1086 1368 1151 1426 in
1197 1368 1457 1427 Francia
1502 1368 1746 1429 Scotum
1791 1368 2103 1429 Ebrardus
2157 1369 2492 1429 nominavit
2535 1371 2619 1447 (p.
2669 1370 2848 1447 285),

598 1455 686 1515 nil
734 1461 894 1515 certo
942 1456 1173 1528 scimus,
1219 1456 1436 1515 nedum
1468 1457 1541 1517 de
1570 1457 1834 1517 moribus
1865 1458 1963 1532 (cf.
1993 1457 2308 1535 Rettberg,
2338 1457 2426 1529 ΙΙ,
2458 1480 2515 1536 p.
2550 1460 2632 1515 29
2665 1462 2847 1535 sqq.).

603 1543 846 1622 Optimo
894 1544 1050 1603 enim
1089 1547 1225 1620 jure
1270 1544 1692 1623 Rettbergius,
1751 1545 1846 1605 cui
1905 1566 2096 1623 paene
2157 1566 2358 1605 omnes
2415 1546 2594 1605 hodie
2646 1568 2848 1605 assen-

602 1632 837 1692 tiuntur
883 1633 981 1708 (cf.
1027 1632 1457 1707 wattenbach,
1502 1634 2095 1710 Geschichtsquellen
2141 1633 2200 1708 1,
2247 1656 2304 1713 p.
2354 1636 2466 1712 35)
2510 1635 2722 1709 vetuit,
2769 1654 2848 1693 ne

602 1720 856 1798 amplius
886 1721 1153 1781 historici
1184 1742 1347 1781 more
1392 1726 1682 1798 majorum
1716 1744 1748 1781 e
1779 1730 2118 1783 sanctorum
2151 1724 2292 1783 vitis
2332 1724 2598 1801 ipsorum
2643 1730 2848 1785 aetate

602 1810 778 1886 longe
824 1810 1221 1883 inferioribus,
1268 1832 1420 1887 quae
1466 1813 1542 1870 ab
1573 1812 1648 1871 iis
1677 1818 1850 1889 gesta
1879 1818 2093 1885 essent,
2125 1820 2485 1872 conarentur
2515 1814 2848 1874 enucleare.

603 1896 723 1957 Sed
770 1898 887 1957 alia
932 1906 1024 1959 est
1066 1898 1327 1959 Ebrardi
1372 1901 1686 1960 sententia.
1777 1898 2074 1978 Scriptori
2137 1901 2368 1961 cuidam
2429 1902 2617 1961 multa
2669 1902 2844 1959 fabu-

601 1987 729 2045 losa
776 1987 1081 2046 enarranti
1124 2007 1245 2048 non
1290 1989 1528 2049 omnino
1556 1988 1736 2049 fldem
1781 1990 2187 2066 abrogandam
2233 2010 2360 2049 esse
2399 1998 2618 2063 censet,
2665 2010 2846 2067 quae·

601 2073 851 2133 rendum
912 2096 1039 2136 esse
1100 2076 1318 2153 potius,
1380 2098 1533 2154 quae
1594 2098 1736 2138 vera
1796 2084 1859 2137 et
1929 2084 2092 2137 certa
2151 2079 2397 2150 referat,
2471 2099 2624 2155 quae
2691 2079 2848 2139 falsa

605 2165 689 2240 (p.
739 2163 911 2239 299).
958 2198 1042 2208 --
1087 2165 1360 2224 Honesta
1420 2166 1565 2225 haec
1625 2166 1843 2238 oratio,
1905 2187 2014 2227 nec
2072 2172 2272 2225 tamen
2325 2168 2568 2245 probari
2625 2172 2846 2245 potest.

603 2250 759 2311 Nam
807 2251 912 2327 qui
956 2251 1363 2313 intellexerint
1408 2261 1630 2313 certam
1676 2254 1955 2314 notitiam
2008 2255 2466 2333 praeteritorum
2512 2262 2847 2333 temporum

604 2338 727 2399 suis
783 2338 1025 2412 finibus,
1082 2341 1311 2418 exiguis
1370 2362 1539 2415 sane,
1599 2342 1916 2415 contineri,
1973 2343 2047 2415 ii,
2109 2364 2242 2402 cum
2303 2363 2372 2403 ea
2433 2344 2513 2403 sit
2555 2342 2845 2405 fabularis

602 2427 885 2488 historiae
930 2436 1163 2504 natura,
1210 2437 1281 2492 ut
1324 2452 1530 2492 verum
1576 2454 1614 2491 a
1659 2432 1809 2492 falso
1849 2432 2076 2492 secerni
2121 2453 2237 2493 non
2270 2432 2476 2510 possit,
2523 2433 2698 2492 facile
2728 2432 2846 2492 sibi

604 2517 1047 2596 persuadebunt
1095 2540 1194 2580 eos
1239 2521 1574 2598 scriptores,
1624 2521 1729 2598 qui
1774 2542 1847 2581 ex
1893 2523 2017 2580 sola
2061 2523 2220 2580 fama
2263 2522 2586 2594 hauserint,
2633 2522 2844 2598 dignos

604 2627 724 2666 non
770 2627 916 2680 esse,
962 2608 1178 2684 quibus
1223 2610 1287 2668 in
1333 2610 1644 2670 scribenda
1689 2609 1942 2670 historia
1985 2616 2244 2670 utamur.
2333 2611 2490 2672 Nam
2535 2629 2667 2670 cum
2714 2611 2844 2669 luce

606 2694 823 2754 clarius
884 2695 965 2754 sit
1021 2717 1140 2756 non
1204 2699 1401 2760 omnia
1459 2720 1603 2758 vera
1663 2719 1814 2772 esse,
1876 2719 2028 2774 quae
2087 2719 2230 2758 vera
2285 2719 2416 2758 esse
2470 2704 2748 2778 possunt,
2793 2698 2847 2759 si

600 2782 835 2842 ratione
880 2783 1010 2857 illa,
1057 2805 1235 2861 quam
1281 2787 1590 2846 Ebrardus
1651 2793 1920 2864 exoptat,
1983 2792 2295 2848 uterentur
2353 2787 2650 2860 historici,
2710 2787 2843 2846 ficri

602 2890 722 2930 non
766 2878 983 2948 posset,
1031 2873 1177 2949 quin
1222 2909 1311 2918 ——
1356 2882 1427 2934 ut
1478 2875 1708 2935 sciurus
1761 2875 1827 2934 in
1881 2876 2229 2952 frangendis
2283 2876 2534 2936 nucibus
2579 2879 2840 2952 gustatu,

604 2959 709 3036 qui
756 2960 834 3019 sit
880 2961 1151 3037 nucleus,
1186 2963 1476 3040 dijudicat
1513 2997 1588 3008 --
1625 2962 1713 3022 ita
1757 2963 2027 3024 historici
2055 2965 2209 3024 alius
2239 2965 2387 3024 alias
2431 2964 2550 3024 sibi
2579 2964 2843 3040 eligeret,

601 3057 782 3126 prout
826 3050 1039 3127 cuique
1084 3053 1425 3130 placuisset,
1467 3052 1596 3111 veri
1639 3059 1703 3111 et
1747 3053 1879 3112 falsi
1929 3059 2119 3114 notas.

782 3138 921 3197 Hoc
964 3139 1159 3218 ipsum
1205 3142 1306 3215 iis,
1362 3162 1514 3219 quae
1560 3142 1873 3204 Ebrardus
1931 3142 2005 3201 de
2049 3141 2360 3201 Fridolino
2406 3139 2715 3212 disseruit,
2775 3148 2846 3201 ut

602 3227 887 3303 exemplis
920 3232 1355 3306 comprobatur.
1416 3230 1513 3290 Ex
1543 3231 1761 3307 quibus
1789 3251 1973 3289 unum
2005 3237 2112 3303 est,
2137 3229 2298 3306 quod
2327 3229 2654 3301 Ebrardus,
2677 3236 2844 3306 post-

604 3334 781 3390 quam
829 3318 1131 3378 enarravit
1174 3318 1550 3378 Fridolinum
1613 3325 1768 3381 teste
1825 3319 2114 3379 Balthero
2161 3318 2290 3395 (vit.
2335 3317 2501 3378 Frid.
2555 3319 2654 3390 12,
2699 3315 2842 3376 Act.

602 3401 707 3464 SS.
754 3402 912 3464 Boll.
958 3405 1135 3465 Mart.
1186 3409 1242 3478 6,
1288 3429 1348 3485 p.
1396 3408 1551 3483 435)
1599 3407 1970 3485 praedicasse
2016 3405 2350 3488 „quomodo
2389 3403 2560 3489 filius
2605 3403 2702 3466 dei
2729 3447 2743 3462 .
2775 3449 2792 3464 .
2823 3447 2841 3464 .

600 3489 812 3550 mundi
853 3492 1187 3573 vorayinem
1214 3494 1476 3566 intraret,
1518 3492 1728 3554 scilicet
1751 3503 1998 3574 propter
2039 3504 2242 3556 nostra
2273 3503 2539 3574 peccata,
2569 3513 2670 3554 seu
2699 3492 2846 3574 quid

592 3597 711 3659 pro
756 3575 920 3638 nobi-3
955 3590 1299 3661 pateretur“
1344 3583 1496 3642 hanc
1525 3581 1798 3642 Baltheri
1843 3583 2248 3644 narrationem
2295 3583 2548 3642 veritate
2594 3582 2711 3642 niti
2750 3582 2844 3642 his

602 3666 801 3726 verbis
862 3667 976 3726 sibi
1035 3670 1276 3730 videtur
1337 3673 1775 3750 comprobasse.
1839 3665 2021 3732 Diese
2079 3668 2401 3752 eneryisclae
2459 3667 2845 3750 Elinwec'swzy

600 3751 723 3835 auf
759 3750 982 3815 Christi
1021 3754 1349 3819 sic‘hnenden
1393 3755 1796 3830 Kreuzestod,
1860 3759 2012 3819 diese
2065 3756 2518 3839 sotevioloqische
2565 3755 2843 3838 Fas-sung

602 3841 709 3902 der
754 3840 1111 3905 chmstlichen
1142 3843 1339 3906 Lehre
1384 3845 1473 3907 als
1517 3847 1626 3907 der
1653 3844 1997 3919 Heilslelzre‚
2042 3847 2116 3908 ist
2145 3868 2211 3908 so
2247 3845 2502 3908 sichtlwh
2531 3841 2841 3918 culdeisch,

601 3929 739 3991 dass
784 3930 911 3992 Mer
954 3933 1066 3994 das
1110 3931 1614 4018 Zuqrundelieqen
1675 3934 1832 3996 einer
1891 3933 2024 3995 sehr
2067 3934 2221 3997 alten
2273 3932 2474 4012 Quelle
2516 3933 2673 3996 nicht
2718 3955 2843 3995 ver-

599 4017 781 4081 kannt
838 4023 1071 4084 werden
1130 4022 1285 4084 kann
1346 4029 1427 4104 (p.
1479 4025 1654 4101 294).
1744 4023 1890 4083 Alia
1948 4027 2120 4102 plura
2179 4025 2520 4101 hujusmodi
2577 4025 2843 4103 proferre

748 4232 770 4263 ²
815 4232 1216 4287 Columbanus.
1292 4233 1426 4300 .qm·
1462 4235 1514 4286 et
1538 4232 1879 4288 Columba—
1901 4232 1944 4287 J
1945 4250 2036 4286 on
2064 4231 2164 4285 vit.
2195 4230 2314 4284 Col.
2344 4231 2392 4298 6,
2423 4231 2575 4286 Mab.
2601 4230 2696 4295 II,-
2715 4248 2846 4287 ann.

604 4300 727 4367 615,
755 4321 811 4370 p.
842 4304 902 4369 73
942 4305 1064 4372 ipse
1101 4303 1161 4356 in
1200 4303 1455 4372 epistulis
1484 4303 1816 4358 columbam
1841 4321 1954 4357 non
1981 4301 2389 4358 Colambanum
2415 4319 2474 4357 sc
2512 4302 2846 4371 appellavit.
