3167 4900
1233 259 1623 316 -5-

311 437 500 496 thecis
575 437 776 514 regiae
839 437 1216 497 Berolinensi
1275 443 1336 496 et
1392 437 1593 514 regiae
1652 437 1975 496 Dresdensi
2037 444 2097 498 et
2155 437 2553 498 bibliothecae

309 525 722 586 universitatis
754 527 1169 604 Gottingensis
1199 533 1500 603 praesunt,
1547 526 1774 602 gratias
1804 528 2154 603 persolvam,
2202 527 2363 604 quod
2408 547 2551 586 non-

311 617 502 674 nullos
547 616 762 689 libros,
835 617 937 693 qui
996 616 1058 674 in
1106 622 1342 675 nostrae
1387 616 1554 674 urbis
1600 615 1979 674 bibliothecis
2024 616 2268 689 desunt,
2340 636 2553 694 eosque

311 704 457 762 mihi
503 705 763 764 omnium
808 705 1154 764 utilissimos
1198 704 1342 762 mihi
1397 704 1889 764 transmittendos
1935 704 2265 766 liberaliter
2312 725 2551 765 curave·

309 800 478 866 runt,
525 799 586 852 et
629 800 699 852 ut
743 815 780 852 a
824 794 1146 854 lectoribus
1191 799 1421 870 petam,
1468 800 1538 852 ut
1583 793 1948 866 condonent,
1998 794 2157 870 quod
2202 794 2335 853 aliis
2380 794 2553 853 libris

309 881 708 956 Britannicis,
778 888 988 961 utpote
1057 901 1204 958 quos
1274 881 1522 959 adipisci
1592 901 1712 940 non
1779 882 2109 960 potuerim,
2185 883 2247 942 vi
2315 888 2552 942 coactus

308 971 402 1030 uti
447 970 634 1034 omisi.

490 1060 659 1118 Haec
704 1060 778 1118 de
821 1060 1022 1133 libris,
1083 1060 1187 1135 (1111
1247 1059 1589 1134 adjumento
1638 1059 1777 1117 mihi
1828 1066 2013 1119 erant.
2105 1059 2306 1138 Ipsius
2353 1059 2551 1138 dispu-

309 1148 554 1209 tationis
586 1148 890 1206 exordium
923 1150 1000 1207 ab
1031 1148 1304 1208 Ebrardo
1335 1147 1456 1206 fiat.
1550 1147 1894 1206 Sententiae
1928 1151 2055 1224 ejus
2086 1169 2310 1208 summa
2341 1149 2552 1208 haecce

311 1243 434 1297 est:
482 1237 799 1296 Britonum
832 1236 1262 1314 Scotorumque
1294 1236 1553 1309 ecclesia,
1611 1237 1945 1311 „culdeica“
1994 1240 2129 1312 jure
2174 1237 2551 1310 nominanda,

309 1327 452 1405 quia
514 1325 823 1386 christiani
877 1326 1213 1385 Britannici
1259 1333 1320 1384 et
1366 1324 1587 1384 Scotici
1648 1331 1708 1384 et
1769 1326 2231 1386 nominabantur
2277 1333 2337 1385 et
2382 1331 2555 1385 erant

310 1414 521 1475 Culdei
565 1415 605 1472 i.
639 1435 686 1473 e.
734 1415 848 1474 viri
894 1415 1006 1488 dei,
1052 1414 1561 1494 peregrinantium
1608 1435 1789 1492 opera
1832 1421 2167 1493 propagata
2210 1434 2319 1493 per
2362 1421 2553 1474 totam

310 1503 572 1564 Galliam
589 1549 604 1576 ,
651 1503 1032 1563 Germaniam
1051 1548 1064 1575 ,
1125 1503 1466 1563 Helvetiam
1512 1504 1713 1580 paullo
1761 1509 1901 1562 ante
1947 1502 2237 1563 Bonifatii
2283 1509 2552 1581 tempora

307 1593 523 1652 mirum
569 1592 635 1650 in
678 1592 917 1651 modum
971 1593 1059 1652 ita
1104 1593 1386 1665 florebat,
1455 1598 1526 1650 ut
1583 1613 1703 1650 11118
1764 1598 1825 1651 et
1879 1592 2095 1671 spiritu
2140 1599 2202 1652 et
2246 1593 2363 1652 fide
2407 1593 2553 1669 quin

309 1682 492 1741 etiam
532 1681 946 1757 jurisdictione
963 1725 978 1754 ,
1027 1682 1250 1758 quippe
1299 1701 1450 1757 quae
1494 1680 1777 1741 universa
1822 1682 2059 1740 abbatis
2104 1681 2373 1741 Hiiensis
2416 1703 2550 1760 pro·

308 1769 507 1830 vincia
551 1776 722 1843 esset,
771 1770 1112 1847 evangelica
1143 1770 1386 1828 ecclesia
1417 1789 1607 1848 paene
1652 1770 1943 1846 appellari
1988 1775 2209 1847 posset,
2249 1791 2388 1828 nam
2432 1790 2553 1828 non

309 1861 497 1920 solum
541 1859 732 1918 libera
778 1866 908 1919 erat
934 1852 1362 1934 'jurisdictione
1407 1858 1615 1936 papali
1658 1879 1845 1934 eaque
1892 1859 1965 1917 de
2012 1878 2185 1918 causa
2232 1859 2554 1936 respuebat

309 1969 537 2008 errores
581 1969 874 2022 romanos,
921 1954 1258 2008 sanctorum
1306 1953 1366 2006 et
1411 1947 1795 2024 reliquiarum
1842 1948 2091 2020 cultum,
2138 1947 2391 2006 honores
2435 1948 2551 2006 vir·

308 2037 554 2115 ginitati
598 2037 834 2097 habitos
851 2082 864 2109 ,
913 2037 1382 2096 communionem
1425 2038 1536 2096 sub
1580 2057 1729 2109 una,
1776 2035 1895 2095 alia
1940 2037 2156 2110 multa,
2204 2037 2307 2096 sed
2353 2036 2550 2110 etiam,

309 2127 468 2203 quod
515 2129 704 2202 majus
751 2133 871 2200 est,
919 2145 1120 2185 omnes
1166 2126 1343 2202 hujus
1389 2126 1668 2184 ecclesiae
1715 2125 2081 2199 sacerdotes,
2136 2147 2310 2202 pares
2357 2125 2549 2202 digni·

308 2221 466 2288 tate,
521 2215 806 2274 uxoribus
850 2235 968 2274 non
1015 2221 1282 2274 carentes
1293 2249 1312 2288 ·,
1374 2214 1863 2290 justificationem
1910 2235 1982 2273 ex
2026 2214 2142 2273 fide
2192 2220 2255 2274 et
2300 2235 2549 2292 evange·

310 2305 487 2363 licam
531 2303 774 2364 vivendi
819 2305 1110 2364 rationem
1156 2304 1443 2383 populum
1489 2305 1799 2362 docebant.
1868 2337 1941 2347 ——
2007 2303 2287 2363 Profecto
2332 2304 2551 2380 gaudio

307 2399 464 2454 esset
493 2393 666 2453 nobis
699 2394 1068 2472 evangelicis,
1117 2393 1168 2453 si
1199 2413 1292 2453 res
1333 2393 1421 2453 ita
1450 2413 1576 2453 sese
1607 2393 1873 2467 haberet,
1920 2393 2023 2453 sed
2064 2427 2137 2436 —
2174 2392 2324 2471 proh
2357 2393 2553 2453 dolor!

305 2490 543 2542 tantum
606 2485 807 2557 abest,
875 2490 944 2543 ut
1001 2484 1145 2542 haec
1189 2482 1451 2543 Ebrardi
1511 2482 1809 2542 sententia
1852 2482 2108 2541 veritate
2154 2483 2415 2555 nitatur,
2482 2488 2553 2541 ut

308 2574 434 2631 fere
481 2572 706 2646 omnia,
779 2592 930 2649 (11186
978 2573 1230 2651 profert,
1291 2572 1442 2630 falsa
1487 2571 1623 2631 sint.
1717 2571 1891 2644 Quod
1937 2571 2083 2630 satis
2129 2571 2445 2649 apparebit
2487 2572 2551 2628 in

309 2662 412 2733 eis,
461 2681 613 2737 quae
659 2664 1004 2738 sequuntur,
1053 2661 1166 2719 etsi
1210 2661 1535 2739 permulta,
1583 2680 1735 2736 quae
1782 2666 1988 2719 contra
2031 2656 2369 2720 Ebrarduin
2418 2680 2551 2719 con-

313 2750 695 2828 scripseram,
757 2750 918 2829 typis
966 2750 1350 2828 exprimenda
1397 2770 1516 2811 non
1563 2770 1689 2809 esse
1738 2749 1966 2823 censui,
2026 2770 2099 2808 116
2145 2748 2339 2809 virum
2384 2750 2551 2807 illum

311 2847 373 2898 et
433 2839 674 2898 canitiei
727 2844 1072 2897 ornamento
1135 2846 1198 2898 et
1255 2859 1473 2915 magna
1533 2839 1865 2898 studiorum
1913 2839 2203 2899 varietate
2264 2845 2325 2897 et
2381 2839 2553 2917 copia

304 2928 612 3003 juventuti
644 2947 806 2987 meae
838 2928 1153 2987 admodum
1184 2929 1601 3002 venerabilem,
1647 2930 1783 3006 plus
1830 2948 2006 3004 quam
2052 2930 2173 2987 fert
2216 2928 2552 3001 necessitas,

309 3037 552 3093 cogerer
595 3017 954 3095 vituperare.
1047 3016 1166 3077 Sed
1213 3018 1286 3075 de
1331 3018 1568 3075 nomine
1616 3017 1971 3076 Culdeorum
2028 3037 2219 3094 pauca
2273 3016 2551 3095 praemit·

310 3112 434 3165 tere
474 3112 726 3269 ι’(131117111211,
773 3214 1025 3271 quorum
1071 3214 1283 3253 nomen
1329 3190 1521 3266 XImi,
1568 3190 1798 3267 XIImi,
1846 3188 2085 3251 XIIImi
2140 3194 2359 3251 saeculi
2401 3200 2549 3253 tem·

309 3284 550 3361 poribus
596 3284 937 3362 saepissime
985 3284 1242 3343 occurrit
1285 3284 1347 3341 in
1379 3283 1677 3341 Hibernia
1724 3289 1783 3343 et
1815 3281 2033 3355 Sectis,
2078 3287 2223 3341 tunc
2268 3282 2551 3361 temporis

310 3379 481 3431 erant
540 3372 739 3431 clerici
798 3373 1134 3450 regulares,
1205 3372 1490 3432 simillimi
1551 3372 1850 3432 canonicis
1897 3371 2117 3447 (Skene
2161 3370 2248 3445 II,
2295 3393 2353 3450 p.
2402 3373 2483 3429 27
2492 3374 2551 3447 7,

313 3460 438 3521 356
487 3482 616 3539 sqq.
641 3462 666 3499 1
715 3462 786 3520 cf.
834 3461 1040 3520 Braun
1087 3484 1145 3541 p.
1197 3464 1321 3539 19),
1391 3463 1484 3522 vel
1541 3462 1751 3521 saltem
1809 3462 1962 3520 tales
2022 3481 2147 3520 esse
2201 3460 2551 3520 debuerunt.

309 3550 462 3611 Nam
510 3551 668 3629 apud
701 3551 1070 3627 quarundam
1105 3551 1480 3611 ecclesiarum
1513 3550 1769 3610 Culdeos
1802 3550 2089 3626 (ecclesiis
2121 3549 2273 3608 enim
2307 3550 2553 3628 ascripti

309 3644 484 3697 erant
543 3660 860 3715 earumque
920 3640 1116 3700 reditu
1134 3684 1147 3711 ,
1231 3641 1328 3700 vel
1390 3640 1633 3699 decimis
1696 3640 1960 3699 fidelium
2020 3640 2115 3700 vel
2176 3640 2552 3717 praediorum

309 3729 617 3802 fructibus,
663 3729 1038 3806 fruebantur)
1071 3729 1384 3808 disciplina
1429 3729 1576 3788 adeo
1625 3730 1883 3807 collapsa
1929 3734 2075 3801 erat,
2120 3735 2206 3801 ut,
2252 3749 2327 3787 116
2360 3729 2551 3789 (1168111

309 3816 382 3875 de
428 3816 577 3891 aliis,
625 3817 802 3877 etiam
849 3818 1086 3895 publice
1133 3818 1198 3876 in
1243 3818 1635 3879 matrimoniis
1680 3819 1773 3880 vel
1822 3836 1955 3876 cum
1998 3816 2343 3877 concubinis
2389 3818 2549 3877 vive·

308 3912 446 3964 rent
491 3904 714 3981 (Skene
758 3905 846 3979 II,
892 3926 950 3983 p.
1002 3906 1126 3965 356
1177 3911 1306 3985 sq.).
1398 3908 1532 3966 Hac
1577 3908 1709 3986 ipsa
1756 3907 1830 3965 de
1878 3927 2054 3967 causa
2100 3905 2369 3985 oppressi
2414 3912 2553 3965 sunt

495 4080 515 4111 ¹
556 4079 742 4135 Skene
778 4078 858 4143 H,
917 4098 971 4149 p.
1013 4079 1144 4134 359:
1209 4080 1362 4144 „The
1399 4080 1735 4149 community
1768 4080 1837 4147 of
1866 4079 1951 4133 the
1989 4078 2205 4133 Ouldees
2241 4094 2353 4133 was
2388 4078 2551 4148 origi—

311 4151 462 4220 nally
497 4168 534 4205 a
570 4152 756 4221 colleye
791 4152 859 4219 of
887 4151 1095 4205 secular
1132 4150 1323 4220 cleryy,
1363 4152 1478 4205 who
1515 4150 1653 4205 lived
1690 4150 1923 4221 together
1957 4150 2067 4205 and
2102 4148 2391 4204 submitted
2427 4152 2479 4203 to
2517 4167 2555 4204 a

309 4222 442 4287 ναῖε,
484 4222 569 4276 the
601 4222 880 4290 principal
915 4221 1273 4290 requirement
1307 4224 1379 4291 os
1405 4221 1576 4276 which
1612 4238 1723 4276 was
1760 4240 1796 4275 a
1832 4238 2073 4276 common
2099 4220 2271 4275 table“
2298 4251 2363 4261 —
2391 4219 2554 4291 „they

308 4308 443 4418 {ere
477 4294 769 4419 αἲαῐοροαῗ
808 4295 860 4347 to
897 4293 1106 4348 secular
1143 4298 1400 4347 canons.“
1471 4292 1670 4347 Reeves
1716 4310 1786 4347 on
1832 4292 1918 4347 the
1955 4292 2170 4347 ancient
2204 4290 2458 4345 charchas
2494 4292 2563 4360 of

359 4380 516 4435 rmaq
578 4381 642 4433 11.
681 4367 724 4418 2
764 4404 776 4417 .
1131 4390 1138 4395 ·
