3167 4900
1213 228 1700 285 —107—

326 408 650 469 abbatibus
697 414 759 465 et
805 406 1125 467 abbatissis
1156 406 1662 481 gubernabantur,
1707 414 1780 466 ut
1825 408 2010 466 abbas
2056 407 2172 467 toti
2217 408 2578 468 monasterio

296 502 632 576 -praeesset
679 497 775 570 (cf.
808 495 1082 572 Loening
1112 495 1199 569 II,
1245 516 1303 573 p.
1337 496 1462 553 431
1498 503 1623 557 not.
1659 499 1696 555 2
1746 503 1808 555 et
1852 496 1956 557 vit.
2005 496 2334 569 Bercharii,
2387 498 2467 555 14
2516 504 2578 557 et

332 588 416 645 18
463 585 635 655 Mal»..-
650 584 741 656 ΙΙ,
774 604 923 643 ann.
958 584 1104 657 685,
1150 604 1209 661 p.
1242 585 1373 643 840
1404 591 1466 645 et
1498 586 1672 662 842).
1763 584 1890 644 Sed
1927 586 2438 662 utcumque‘haec
2482 606 2579 645 res

326 696 393 737 se
437 675 635 746 habet,
682 673 1075 751 potissimum.
1102 680 1217 745 est,
1282 674 1441 751 quod
1486 674 1848 733 monasteria
1892 675 2152 753 duplicia
2199 674 2420 733 saeculi
2465 673 2574 747 VI,

302 763 477 835 -VII,
525 758 713 823 VIIP
766 761 1136 840 temporibus
1182 762 1403 840 passim
1444 763 1854 840 reperiuntur,
1909 763 2089 823 etiam
2135 764 2298 841 apud
2343 763 2578 841 Anglos

328 852 600 929 (liudolf,
648 851 753 913 vit.
798 850 1028 911 Liobae
1085 852 1135 909 1.
1182 850 1341 909 nab.
1390 850 1512 923 III,
1548 852 1586 909 2
1634 856 1770 911 ann.
1822 854 1968 924 772,
2014 874 2073 929 p.
2107 853 2234 910 246
2266 855 2398 928 sq.).

332 950 339 955 '
435 949 443 955 ’
512 939 673 1013 Quid
740 940 981 999 tandem
1044 938 1353 999 Scotorum
1420 940 1770 1018 proprium?
1839 940 2094 1000 Frustra
2161 940 2577 1017 quaesivimus,

306 1029 541 1107 ,quoad
578 1029 909 1105 generatim
957 1034 1139 1105 atque
1196 1029 1473 1087 universe
1533 1028 1790 1089 diximus
1850 1028 1924 1088 de
1971 1029 2098 1089 vita
2143 1030 2576 1101 monachorum,

252 1157 267 1163 -
330 1138 473 1177 nam
504 1117 637 1177 vita
666 1117 1027 1189 monachica,
1074 1118 1125 1177 si
1156 1116 1465 1176 elementis
1506 1118 1892 1193 judicandum
1939 1125 2046 1191 est,
2091 1138 2186 1177 res
2235 1123 2326 1177 est
2369 1118 2580 1177 similis

331 1206 555 1283 ubique
612 1212 680 1265 et
740 1206 944 1265 eadem
991 1226 1241 1284 semper.
1331 1204 1636 1265 Interiora
1695 1214 1892 1269 autem
1953 1206 2198 1265 vivendi
2259 1214 2581 1285 praecepta

332 1296 503 1356 varia
549 1295 611 1353 in
659 1296 903 1355 ecclesia
952 1314 1277 1371 numquam
1322 1314 1440 1354 non
1488 1301 1676 1355 erant.
1737 1329 1824 1341 -—
1886 1296 2108 1355 Multas
2161 1315 2230 1354 ac
2274 1295 2470 1354 varias
2515 1295 2576 1353 in

308 1384 725 1445 orientalibus
784 1384 1061 1443 ecclesiae
1121 1384 1394 1461 partibus
1454 1389 1596 1443 ante
1655 1383 2009 1443 Columbam
2070 1386 2132 1444 et
2187 1383 2579 1444 Benedictum

335 1472 635 1533 exstitisse
678 1473 917 1549 reginas
958 1472 1121 1531 iuter
1162 1492 1369 1531 omnes
1423 1478 1662 1533 constat
1714 1488 1907 1555 neque
1968 1473 2162 1532 minus
2220 1480 2428 1531 notum
2489 1480 2580 1532 est

334 1562 396 1621 in
442 1560 705 1621 occiduis
759 1562 1039 1621 ecclesiae
1099 1561 1443 1637 regionibus
1503 1562 1845 1621 monachos
1872 1562 2174 1622 ‘elementa
2231 1560 2580 1639 disciplinae

336 1652 411 1711 ab
457 1649 578 1709 illis
624 1670 751 1709 esse
796 1656 1117 1723 mutuatos,
1162 1650 1456 1709 communi
1501 1651 1702 1710 au‘tem
1759 1643 2126 1710 accuratiore
2177 1650 2581 1710 instituendae

336 1739 495 1797 vitae
540 1748 749 1799 norma
778 1758 1023 1816 prorsus
1054 1738 1329 1798 caruisse.
1388 1738 1527 1797 Etsi
1572 1739 1730 1799 enim
1777 1740 1839 1799 in
1885 1738 2088 1799 Gallia
2117 1774 2206 1785 -—
2235 1746 2304 1798 ut
2350 1745 2578 1799 taceam

337 1827 409 1885 de
440 1827 573 1887 aliis
606 1828 949 1903 regionibus
987 1862 1062 1873 -—
1080 1856 1083 1861 ·
1100 1833 1334 1887 constat
1363 1827 1543 1888 fuisse
1589 1828 1963 1900 monasteria,
2009 1847 2261 1905 quorum
2307 1826 2580 1886 monachi

336 1921 499 1975 certa
545 1936 615 1974 ac
660 1915 907 1975 definita
951 1915 1193 1976 vivendi
1236 1920 1447 1975 norma
1491 1922 1678 1993 eaque
1725 1917 1992 1977 Caesarii
2034 1916 2408 1976 Arelatensis
2431 1921 2580 1975 ute-

312 2004 557 2063 bantur
602 1996 928 2082 (Rettberg
972 2004 1059 2078 Π,
1102 2026 1161 2081 p.
1196 2006 1377 2082 678),
1442 2006 1555 2065 etsi
1615 2005 1680 2063 in
1727 2007 2024 2065 nonnullis
2070 2004 2446 2065 monasteriis
2490 2002 2578 2063 in-

338 2091 533 2152 stituta
586 2092 659 2152 de
702 2091 1112 2173 informatione
1156 2091 1411 2154 coenobii
1454 2102 1770 2154 occurrunt
1816 2094 2064 2171 (Arndt,
2110 2094 2329 2153 Kleine
2374 2093 2578 2152 Denk·
2638 2093 2644 2102 '

336 2182 524 2240 maler
568 2200 677 2241 aus
722 2182 832 2241 der
870 2182 1413 2260 Herowingerzeit,
1460 2206 1518 2261 p.
1561 2184 1600 2241 4
1633 2186 1745 2259 sq.)
1793 2187 1992 2243 tamen
2037 2186 2227 2259 major
2249 2201 2420 2261 .pars‚
2455 2201 2578 2239 mo·

312 2270 731 2331 ⁸nasteriorum
778 2272 905 2347 sub·
934 2272 1197 2348 regulari
1243 2270 1559 2350 disciplina
1606 2292 1726 2333 non
1772 2279 1902 2331 erat
1948 2275 2044 2349 (cf.
2075 2272 2309 2345 Hertel,
2356 2292 2432 2349 p..
2449 2270 2578 2329 4240

339 2366 400 2419 et
443 2358 552 2418 vit.
596 2359 975 2437 Wandmgis.
1010 2362 1047 2417 9
1080 2367 1143 2419 et
1180 2361 1279 2432 10,
1322 2382 1381 2437 Ρ.
1417 2361 1563 2432 528,
1610 2361 1801 2421 Jonas
1831 2362 1944 2420 vit.'
1970 2360 2167 2421 Attal.
2205 2363 2262 2433 1,
2306 2360 2462 2420 Mab.
2494 2359 2580 2432 H,

312 2466 473 2507 (ann.
508 2449 655 2522 627,
686 2469 745 2526 p.
785 2450 955 2526 123),
1001 2471 1073 2508 ex
1118 2450 1403 2510 abbatum
1433 2451 1634 2527 potius
1663 2452 1972 2510 voluntate
2018 2450 2336 2528 pendebat,
2379 2454 2582 2508 utrum

339 2537 612 2596 monachi
656 2559 692 2596 a
736 2537 899 2598 vitae
928 2537 1175 2598 ‘natione
1195 2566 1201 2576 ’
1222 2557 1341 2596 non
1396 2538 1767 2598 discederent
1821 2560 1898 2598 an
1953 2539 2236 2597 dissolute
2291 2537 2583 2612 viverent,

310 2625 681 2706 -saepissime
697 2645 906 2702 -neque
943 2627 1345 2691 in'abbatumr
1379 2632 1678 2703 potestate
1723 2631 1854 2687 erat
1898 2627 2216 2686 monachos
2261 2627 2338 2697 in¹
2372 2625 2584 2686 officiis

340 2715 653 2776 continere.
730 2715 977 2774 Contra.
1002 2715 1085 2774 in‘
1110 2715 1483 2774 monasteriis
1529 2720 1567 2774 a'
1597 2715 1890 2777 Columba
1935 2719 2185 2792 ejusque
2227 2716 2400 2788 sociis
2446 2735 2582 2775 con·

314 2803 487 2864 ditis
540 2803 827 2881 optimam
886 2793 1217 2865 invenimus
1277 2804 1672 2883 disciplinam.
1775 2804 1850 2864 In
1909 2805 2020 2865 hoc
2089 2825 2268 2883 ergo..
2300 2804 2584 2865 simillimi

342 2898 481 2952 sunt
526 2891 686 2952 inter
730 2913 793 2953 se
840 2893 1129 2953 Columba
1175 2899 1237 2953 et
1280 2893 1648 2954 Benedictus
1693 2894 2080 2968 Cassinensis,
2128 2895 2286 2971 quod
2330 2901 2583 2970 uterque

286 3063 291 3068 ι
340 2980 613 3040 licentiae
643 2983 1063 3042 monachorum
1094 2983 1369 3042 arctioris
1398 2982 1748 3061 disciplinae
1783 2985 1982 3042 frenos
2026 2982 2308 3042 adhibere
2339 2982 2584 3042 studuit.

345 3069 651 3144 Quomodo
698 3072 860 3129 inter
904 3091 967 3130 se
1012 3069 1294 3130 differant
1323 3069 1616 3130 Columba
1656 3077 1719 3130 et
1748 3071 2128 3144 Benedictus,
2174 3075 2302 3130 tum
2349 3069 2584 3130 demum

346 3178 792 3236 cognoscemus,
840 3159 891 3234 si
936 3159 1114 3236 hugus
1160 3160 1427 3236 regulam
1473 3163 1608 3219 cu'm
1650 3159 1811 3218 illius
1856 3158 2406 3238 comparaverimus.

522 3246 645 3307 Sed
690 3254 995 3326 quaeest
1040 3248 1365 3307 Columbae
1423 3248 1691 3326 reg-ula?
1739 3249 1932 3308 Estne
1959 3249 2117 3322 tilla,
2178 3267 2330 3324 quae
2391 3251 2588 3308 exstat

346 3336 503 3414 apud
531 3336 910 3414 Flemingum
937 3343 998 3415 Ρ.
1034 3337 1207 3395 4--8
1242 3343 1302 3396 et
1331 3337 1395 3394 in
1425 3337 1802 3397 Bibliotheca
1831 3338 2090 3397 maxima
2117 3335 2272 3410 XII,
2302 3358 2360 3415 p.
2395 3334 2586 3410 3—5,

320 3425 445 3502 pia
491 3425 563 3484 de
610 3427 1031 3486 monachorum
1076 3425 1288 3486 officiis
1336 3426 1776 3500 commentatio,
1820 3426 1885 3485 in
1932 3446 2052 3503 qua
2095 3461 2184 3470 -
2229 3425 2442 3485 omisso
2489 3446 2586 3486 ca·

345 3513 468 3594 pite
512 3514 767 3592 septimo
816 3515 977 3591 quod·
1018 3516 1175 3576 'teste
1223 3517 1349 3592 jam
1396 3515 1586 3593 ipsius
1641 3515 1854 3593 capitis
1909 3515 2151 3574 exordio
2207 3513 2324 3586 „de
2378 3512 2593 3594 synaxi

320 3610 558 3682 ,er90“
603 3603 863 3662 aliunde'
888 3612 1206 3681 receptum·
1240 3609 1331 3664 est
1376 3602 1672 3679 (Schoel‘l,·
1696 3626 1758 3682 p.
1793 3605 1895 3677 59,
1940 3605 2215 3680 Loening
2243 3602 2331 3677 ΙΙ,
2363 3626 2422 3683 p.
2458 3603 2581 3661 431

320 3728 336 3776 ².
345 3699 477 3752 not.
515 3692 581 3768 4)
627 3709 821 3767 neque
865 3691 1173 3755 invenitur
1216 3693 1279 3751 in
1324 3692 1519 3752 tribus
1549 3693 1868 3753 codicibus
1913 3692 2231 3770 (Fleming,
2277 3699 2478 3752 annot.
2524 3692 2588 3751 i'n

302 3801 393 3862 ν(5.
440 3779 588 3852 VII,
634 3798 693 3858 p.
724 3779 861 3856 15)·
892 3815 967 3824 -—
1018 3781 1105 3838 nil
1128 3781 1326 3853 inest,
1368 3781 1529 3863 quod
1574 3783 1816 3860 regulae
1863 3782 2117 3861 speciem
2161 3778 2464 3860 praebeat,
2511 3801 2588 3838 an

346 3868 757 3946 conjungenda
817 3876 907 3928 est
976 3889 1109 3928 cum
1179 3890 1249 3929 ea
1318 3869 1509 3928 altera
1572 3871 1680 3930 illa
1745 3869 1950 3950 requla
2017 3866 2360 3930 coenobialis
2427 3867 2589 3946 apud

318 3957 722 4036 ,Flemingu'm
767 3980 825 4037 p.
864 3959 1124 4016 19—24
1173 3965 1232 4017 et
1276 3957 1437 4016 Bibl.
1484 3979 1621 4018 max
1667 3958 1821 4030 XII,
1868 3978 1927 4035 p.-
1977 3961 2012 4016 6
2047 3977 2175 4034 sqq.
2223 3963 2284 4015 et
2328 3958 2390 4015 in
2437 3957 2586 4015 Hol-

346 4046 525 4105 stenii
572 4047 708 4106 c'od:
742 4049 927 4125 regul.
959 4053 1115 4109 rtom.
1156 4047 1249 4120 Π,
1295 4067 1354 4124 Ρ.
1392 4047 1519 4104 164
1551 4067 1681 4124 sqq.
1725 4046 1888 4124 typis
1948 4046 2256 4123 impressa,
2319 4065 2470 4123 quae
2516 4044 2591 4106 de

348 4132 654 4195 cotidianis
706 4135 1067 4215 poenitentiis
1096 4131 1545 4212 *monachorum
1603 4136 1852 4212 loquens
1912 4125 2041 4193 tam¹
2097 4155 2310 4212 graves
2367 4153 2590 4212 poenas

350 4222 683 4296 constituit,
753 4231 823 4284 ut
880 4247 1009 4285 eam
1068 4245 1277 4285 revera
1337 4225 1604 4301 regulam
1666 4244 1913 4302 eamque
1974 4223 2402 4283 severissimam
2435 4243 2589 4282 esse

348 4331 519 4371 nemo
566 4332 785 4389 negare
832 4313 1059 4391 possit?
1114 4313 1427 4373 Ebrardus
1472 4315 1552 4390 (p.
1607 4313 1730 4370 147
1767 4315 1919 4390 sqq.)
1965 4315 2188 4390 rejecta
2231 4313 2340 4370 hac
2385 4313 2592 4390 regula
