3167 4900
1506 227 1996 286 —120—

631 406 723 463 De
770 424 907 477 qua,
958 423 1087 463 cum
1135 404 1258 473 ipse
1305 403 1397 458 vir
1444 402 1798 458 venerandus
1847 402 2118 472 loquendi
2163 406 2506 472 potestatem
2551 404 2692 461 mihi
2741 424 2876 463 con·

635 478 891 543 cesserit,
927 478 1175 533 lectores
1213 475 1453 531 edocere
1490 474 1633 529 mihi
1669 473 1856 531 liceat.

776 548 940 604 Sicut
986 547 1229 602 vidimus
1288 545 1586 601 ecclesiam
1636 542 1938 599 Scotorum
1993 545 2224 600 ineunte
2274 546 2498 601 saeculo
2549 549 2749 618 quinto
2800 553 2872 607 ab

631 621 875 676 ecclesia
921 618 1203 676 catholica
1249 616 1475 671 omnino
1514 616 1799 670 diversam
1835 633 1951 670 non
1988 616 2191 682 fuisse,
2243 622 2443 687 postea
2481 624 2693 685 autem,
2745 638 2872 677 cum

632 695 853 747 remota
890 708 925 744 a
962 688 1302 745 commercio
1341 705 1467 741 cum
1504 686 1632 741 aliis
1671 686 1946 741 ecclesiae
1971 688 2230 755 partibus
2257 692 2318 742 et
2341 690 2685 756 retinuisset,
2725 708 2872 760 quae

630 764 771 819 alibi
806 761 1187 825 mutabantur,
1228 763 1289 815 et
1321 762 1596 815 mutasset
1632 758 1744 813 alia
1777 776 1959 828 pauca
1995 776 2100 828 pro
2137 777 2238 814 sua
2271 760 2449 829 ipsius
2474 765 2694 826 natura,
2733 763 2874 820 levi-

630 834 821 891 oribus
859 832 1204 895 dissensisse,
1243 831 1327 884 ita
1364 829 1537 885 etiam
1574 847 1665 885 ars
1689 828 1989 885 Scotorum
2015 830 2179 885 initio
2207 832 2406 887 eadem
2431 830 2604 887 fuisse
2627 832 2870 899 videtur,

633 923 802 977 quam
850 905 996 959 aliae
1044 917 1267 972 quoque
1314 904 1514 969 gentes
1551 918 1586 955 a
1623 900 1896 955 Romanis
1936 900 2276 958 didicerunt.
2353 900 2470 958 Sed
2508 920 2636 957 cum
2673 909 2872 973 postea

630 975 1039 1033 consuetudine
1086 973 1408 1027 intermissa
1446 972 1718 1040 exemplis
1757 975 1816 1025 et
1852 972 2138 1041 magistris
2176 978 2461 1038 carerent,
2502 974 2626 1042 ,filis
2665 976 2777 1031 suis
2815 981 2876 1031 et

631 1049 743 1118 ipsi
770 1046 929 1102 Scoti
968 1050 1028 1100 et
1062 1046 1315 1115 ipsorum
1352 1043 1614 1113 picturae
1651 1042 2105 1097 involvebantur.
2171 1044 2278 1098 Oui
2303 1045 2388 1098 rei
2413 1046 2742 1101 testimonio
2767 1052 2868 1113 est,

631 1120 783 1190 quod
809 1117 1200 1172 Hibernorum
1222 1114 1455 1169 tabulae
1479 1115 1743 1180 minume,
1785 1132 1897 1183 quo
1923 1115 2273 1185 antiquiores
2299 1120 2447 1180 sunt,
2486 1134 2553 1171 eo
2573 1116 2870 1175 similiores

630 1192 717 1255 iis,
758 1190 856 1258 qui
892 1188 953 1241 in
990 1187 1116 1241 aliis
1141 1184 1596 1240 Occidentalium
1634 1185 1925 1241 codicibus
1950 1186 2329 1252 inveniuntur,
2372 1204 2483 1255 quo
2507 1188 2870 1254 recentiores,

628 1278 697 1319 eo
732 1260 913 1329 magis
938 1260 1265 1327 discrepant
1288 1274 1417 1311 cum
1441 1256 1586 1313 aliis.
1652 1256 1800 1311 Nam
1823 1258 2220 1323 vetustissima,
2257 1274 2404 1327 quae
2429 1262 2634 1324 exstat,
2672 1260 2874 1315 tubula

628 1333 801 1403 picta,
842 1331 1043 1385 beatae
1068 1327 1285 1385 Mariae
1322 1328 1561 1411 virginis
1588 1329 1892 1399 imaginem
1917 1330 2197 1397 praebens
2224 1329 2310 1398 (in
2335 1329 2419 1388 tlte
2442 1327 2594 1385 Book
2617 1328 2684 1397 of
2701 1332 2870 1397 Kells,

630 1421 775 1461 saec.
817 1400 937 1455 VH
976 1432 1044 1440 —
1082 1400 1369 1454 delineata
1414 1416 1473 1451 m
1526 1399 1636 1453 The
1681 1398 2151 1469 palaeoyraphical
2193 1400 2392 1469 society
2434 1401 2516 1459 ed.
2556 1399 2717 1456 Bond
2761 1403 2876 1459 and

626 1475 939 1542 stompson
978 1471 1117 1527 1873
1152 1488 1273 1539 sqq.
1312 1468 1362 1534 I,
1407 1468 1525 1527 tab.
1562 1470 1663 1537 573
1716 1474 1776 1525 et
1810 1470 1968 1524 varie
2004 1470 2162 1540 picta
2199 1472 2258 1525 in
2309 1470 2625 1539 Westwood,
2675 1473 2872 1528 Palae-

724 1544 894 1614 aphia
938 1558 1100 1599 sacra
1136 1540 1381 1610 pictoria
1430 1540 1588 1605 1845,
1635 1541 1750 1597 tab.
1788 1540 1885 1610 16)
1935 1540 2107 1597 etiam
2153 1542 2438 1611 quandam
2486 1559 2615 1598 cum
2665 1542 2874 1599 tabulis

723 1615 904 1669 manis
940 1611 1369 1669 similitudinem
1404 1612 1598 1677 habet,
1635 1613 1982 1669 recentiores
2018 1616 2208 1667 autem
2245 1618 2312 1667 ut
2337 1612 2733 1683 Sangallenses
2761 1615 2872 1684 (di-

630 1690 899 1756 vulgatae
956 1689 1017 1739 et
1078 1683 1398 1738 delineatae
1464 1700 1498 1737 a
1547 1683 1787 1737 Kellero
1832 1683 1870 1737 1.
1920 1684 1996 1751 c.)
2054 1688 2114 1738 et
2171 1701 2272 1739 eae
2333 1700 2479 1753 quae
2538 1689 2766 1739 exstant
2813 1686 2876 1741 in

624 1757 945 1829 junioribus
995 1754 1283 1810 codicibus
1323 1752 1652 1808 Hibernicis
1701 1759 1766 1809 ut
1812 1756 1871 1808 in
1921 1755 2008 1811 the
2046 1756 2268 1824 Gospels
2304 1754 2371 1823 of
2399 1755 2482 1811 St.
2525 1755 2676 1814 ohad
2713 1756 2874 1825 (circ.

628 1830 753 1885 700.
792 1826 914 1882 Pal.
945 1827 1070 1883 Soc.
1096 1825 1215 1881 tab.
1243 1824 1339 1891 213
1368 1825 1700 1881 Westwood
1724 1826 1842 1883 tab.
1871 1824 1980 1895 12),
2023 1826 2108 1881 the
2135 1826 2358 1895 ampelo
2381 1825 2449 1894 of
2467 1826 2602 1883 Mac
2625 1828 2874 1883 Duman

656 1917 804 1955 saec.
844 1896 999 1953 VIII
1036 1896 1367 1953 Westwood
1402 1896 1520 1952 tab.
1562 1896 1674 1965 13),
1719 1896 1804 1951 the
1839 1896 2061 1966 Gospels
2095 1896 2166 1965 of
2185 1896 2318 1953 Mac
2343 1897 2511 1967 Reyol
2546 1898 2708 1967 (circ.
2747 1897 2873 1953 800.

681 1972 755 2027 al.
795 1968 923 2025 Soc.
960 1969 1078 2023 tab.
1119 1970 1211 2035 913
1248 1966 1581 2023 Westwood
1617 1966 1734 2023 tab.
1773 1967 1869 2036 44)
1907 1972 2101 2023 tantae
2140 1973 2273 2023 sunt
2306 1968 2464 2025 laudi
2500 1969 2874 2038 calligrapho,

615 2046 695 2096 ‚ut
738 2042 821 2096 nil
865 2040 976 2095 nisi
1023 2040 1368 2108 vituperatio
1416 2038 1619 2094 relicta
1664 2039 1739 2093 sit
1784 2038 2020 2109 pictori,
2067 2056 2250 2109 neque
2297 2040 2374 2095 sit
2417 2040 2536 2094 ulla
2582 2056 2710 2095 cum
2729 2040 2879 2107 ,aliis

630 2112 868 2182 picturis
905 2111 1021 2165 illis
1059 2110 1387 2165 similitudo,
1591 2130 1598 2136 ·
2111 2130 2116 2135 ·

776 2182 1005 2237 Similes
1056 2181 1233 2251 igitur
1282 2184 1415 2234 sunt
1463 2181 1523 2235 in
1573 2181 1817 2235 ecclesia
1868 2185 1928 2235 et
1962 2181 2023 2237 in
2070 2187 2194 2237 arte
2231 2181 2532 2239 Scotorum
2569 2181 2875 2236 varietates

630 2260 968 2324 temporum,
1009 2252 1147 2320 quin
1184 2252 1356 2305 etiam
1394 2268 1575 2319 paene
1615 2253 1865 2306 eaedem.
1931 2251 2080 2307 Nam
2117 2253 2262 2309 sicut
2286 2254 2347 2307 in
2373 2251 2874 2319 Nordanhymbria

613 2324 876 2381 -ecclesia
902 2322 1202 2378 Scotorum
1227 2321 1541 2377 Romanam
1569 2322 1990 2377 necessitudine
2011 2324 2225 2393 attigit,
2267 2325 2348 2377 ita
2373 2325 2433 2377 in
2458 2322 2660 2377 eadem
2687 2322 2877 2379 Nord-

626 2394 962 2465 anhymbria
985 2392 1305 2447 Romanum
1337 2391 1618 2464 pingendi
1651 2409 1832 2462 genus
1871 2412 1998 2450 cum
2025 2392 2254 2450 Scotico
2281 2398 2369 2468 est
2391 2394 2703 2460 confusum,
2742 2412 2878 2450 nam

625 2469 797 2532 liber,
848 2467 944 2537 qui
993 2467 1203 2520 dicitur
1242 2463 1583 2518 Cuthberthi
1633 2464 1728 2518 vel
1766 2463 1852 2518 the
1891 2465 2114 2535 Goopels
2149 2463 2216 2532 of
2247 2464 2612 2538 Dindiefme
2646 2467 2873 2525 litteras

626 2540 871 2613 grandes
908 2537 1149 2606 praebet
1185 2535 1487 2604 Scotorum
1524 2534 1811 2590 scribendi
1849 2537 2072 2590 ratione
2106 2536 2318 2605 pictas,
2369 2537 2644 2607 imagines
2683 2541 2876 2592 autem

628 2609 1129 2680 evangelistarum,
1188 2623 1333 2676 quae
1381 2606 1652 2671 doceant,
1711 2605 1949 2662 librario
2001 2623 2130 2662 cum
2181 2606 2453 2662 Romanis
2503 2608 2677 2665 fuisse
2723 2626 2875 2664 com-

628 2676 2042 2820 ¹¹¹⁰rcfflffiffssgffffi'ffiss⁸1¹}'ib{'m}gssgtffi2ffl.5{⁸}t
2064 2678 2268 2803 giam
2293 2748 2541 2804 fructum
2565 2749 2874 2818 capiamus.

624 2821 973 2876 Floruerunt
1018 2819 1177 2874 Scoti
1226 2825 1349 2874 arte
1396 2838 1497 2875 sua
1544 2823 1778 2888 praeter
1827 2820 2031 2874 multas
2078 2820 2218 2874 alias
2265 2824 2493 2889 gentes,
2547 2837 2692 2889 quae
2731 2821 2872 2876 artis

624 2910 853 2963 prorsus
876 2891 1046 2946 rudes
1072 2894 1252 2956 erant,
1282 2890 1599 2946 floruerunt
1623 2891 1798 2944 etiam
1824 2891 1974 2946 bona
1993 2890 2268 2946 ecclesiae
2288 2891 2622 2946 condicione
2641 2896 2872 2960 praeter

625 2969 848 3020 ceteros
885 2980 993 3032 per
1026 2963 1261 3034 longum
1296 2966 1537 3030 tempus.
1615 2959 1996 3017 Nihilosecius
2033 2965 2300 3031 utraque,
2341 2966 2400 3014 et
2434 2978 2527 3016 ‚ars
2567 2961 2872 3018 Scotorum

626 3040 687 3090 et
720 3035 981 3100 ecclesia,
1021 3034 1107 3088 nil
1142 3033 1255 3088 nisi
1292 3031 1467 3088 medii
1505 3034 1634 3087 aevi
1671 3037 1933 3100 tempora
1966 3032 2206 3087 redolet.
2272 3032 2440 3101 Quod
2465 3033 2513 3088 si
2535 3049 2871 3104 negaremus

625 3107 697 3162 de
735 3105 993 3171 ecclesia,
1034 3103 1297 3158 similiter
1335 3120 1650 3158 erraremus
1688 3108 1858 3173 atque
1895 3103 1966 3158 de
2002 3107 2128 3157 arte
2167 3103 2382 3158 erravit
2408 3103 2678 3160 Giraldus
2705 3103 2868 3159 Gam-

623 3177 842 3230 brensis
873 3178 941 3246 (†
967 3192 1049 3230 ca.
1080 3175 1265 3244 1200),
1294 3192 1421 3228 cum
1448 3175 1519 3228 de
1552 3174 1725 3244 pictis
1753 3173 1964 3230 codicis
1990 3173 2284 3243 cujusdam
2310 3172 2612 3229 Hibernici
2635 3174 2869 3232 tabulis:

624 3246 781 3302 Haec
796 3246 1054 3315 equidem,
1075 3245 1262 3316 inquit
1282 3243 1710 3316 (Topographia
1728 3243 2061 3300 Hibernica.
2101 3243 2428 3302 Frankfurt.
2459 3245 2613 3302 1608.
2681 3284 2695 3297 .
2717 3244 2868 3315 730),

622 3321 825 3386 quanto
864 3315 1208 3386 frequentius
1254 3319 1307 3370 et
1354 3315 1668 3388 diligentius
1719 3315 1934 3370 intueor
1977 3332 2185 3384 semper
2229 3316 2390 3385 quasi
2435 3316 2588 3370 novis
2685 3318 2871 3386 stupeo

620 3404 927 3457 semperque
979 3387 1156 3457 magis
1205 3390 1365 3456 atque
1414 3387 1594 3458 magis
1641 3385 1972 3442 admiranda
2015 3385 2307 3456 conspicio,
2365 3403 2460 3442 nec
2503 3387 2712 3456 Apelles
2755 3387 2871 3455 ipse

621 3457 831 3514 similia
884 3457 1093 3527 efficere
1138 3460 1348 3528 posset,
1404 3461 1458 3512 et
1508 3474 1682 3514 manu
1733 3474 1842 3513 non
1889 3457 2112 3514 mortali
2159 3457 2470 3524 efformtae
2519 3473 2584 3512 ae
2631 3457 2872 3526 depictae

619 3527 771 3584 mder‘
770 3532 947 3584 entur.
