3167 4900
1232 221 1672 277 ...91—

328 415 571 473 possum
616 396 721 455 aed
765 397 1009 472 longum
1055 402 1147 455 est
1192 403 1255 457 et
1298 417 1824 474 supervacaneum,
1872 420 2010 460 nam
2053 400 2228 459 facile
2280 400 2397 460 sibi
2442 401 2572 479 ipse

332 485 583 561 quisque
654 484 1037 561 persuadebit
1093 484 1433 545 Ebrardum
1493 486 1780 547 Balthero
1849 491 2134 565 majorem
2202 486 2378 547 fidem
2449 509 2570 548 non

330 574 622 633 attulisse:

506 661 817 721 Eridoh'no
848 667 1049 722 autem
1078 662 1295 723 omisso
1326 662 1504 740 primi
1528 662 1860 737 Scotorum,
1894 671 2180 741 quantum
2204 685 2312 725 nos
2335 666 2568 740 scimue,

328 750 393 808 in
436 749 840 813 continentem
884 755 1175 811 venerunt
1221 751 1510 811 Columba
1556 758 1618 811 et
1664 753 1808 812 socii
1853 754 1998 829 ejus.

508 838 799 899 Columba
843 837 1031 915 igitur
1072 840 1314 899 natione
1346 840 1575 912 Scotus,
1621 847 1797 901 natus
1826 841 1890 899 in
1921 862 1990 900 ea
2019 841 2350 901 Hiberniae
2381 849 2572 920 parte,

331 947 509 1005 quam
555 927 939 1004 Lagenorum
993 935 1217 988 terram
1262 929 1490 987 incolae
1535 930 1925 989 nominabant
1970 930 2032 1005 (i.
2079 951 2128 989 e.
2174 930 2455 991 Leinster
2499 933 2572 991 cf.

328 1017 374 1076 J
376 1036 542 1089 onae,
589 1016 825 1075 abbatis
868 1016 1211 1089 Bobiensi8,
1272 1017 1347 1077 de
1395 1037 1510 1095 quo
1556 1018 1676 1077 vid.
1723 1019 2146 1092 wattenbach,
2192 1017 2570 1079 Geschichte·

332 1106 568 1183 quellen
613 1104 666 1177 Ι,
712 1126 771 1182 Ρ.
820 1106 921 1178 99,
976 1104 1081 1165 vit.
1128 1106 1255 1165 Col.
1303 1127 1351 1165 c.
1400 1110 1436 1164 6
1486 1112 1547 1165 et
1599 1108 1654 1166 9.
1721 1106 1880 1166 Mab.
1925 1106 1996 1164 II
2041 1128 2178 1165 ann.
2229 1108 2376 1179 615,
2423 1130 2482 1186 p.
2532 1110 2568 1167 7

329 1200 390 1253 et
436 1194 503 1269 8)
550 1193 822 1252 eruditus
876 1193 938 1251 in
993 1194 1317 1254 clarissimo
1364 1195 1724 1254 monasterio
1769 1194 2173 1254 Benchorensi
2215 1196 2278 1253 in
2325 1196 2573 1256 Ultonia

330 1284 428 1357 (cf.
458 1302 519 1359 p.
556 1282 667 1359 55)
714 1302 833 1341 non
878 1282 967 1341 ita
1012 1284 1199 1342 multo
1240 1290 1381 1343 ante
1412 1303 1632 1343 annum
1667 1284 1793 1343 590
1825 1284 2026 1343 natale
2057 1285 2246 1343 solum
2278 1284 2572 1361 reliquit.²

330 1370 478 1431 Voti
537 1370 629 1431 sui
687 1370 869 1429 fuisse
922 1379 1116 1451 qentes
1174 1370 1407 1432 visitare
1466 1381 1519 1433 et
1578 1369 1942 1452 evangelium
1997 1371 2078 1431 eis
2135 1391 2178 1430 a
2234 1390 2294 1431 se
2345 1392 2574 1453 emaque

320 1456 674 1537 praedium-i
699 1459 830 1536 ipse
860 1458 1184 1520 affirmavit
1213 1462 1411 1539 (epist.
1447 1462 1484 1520 3
1519 1462 1598 1521 ad
1627 1460 1834 1538 discip.
1860 1459 2021 1522 Bibl.
2055 1480 2208 1520 max.
2239 1468 2395 1538 patr.
2417 1460 2572 1533 XII,

330 1569 389 1625 p.
437 1549 519 1605 27
568 1548 659 1618 D;
704 1547 1004 1625 Flemingi
1050 1548 1198 1607 Coll.
1244 1569 1303 1626 p.
1357 1550 1481 1607 132
1504 1548 1570 1627 ²),
1627 1549 1730 1608 sed
1776 1556 1882 1609 aut
1926 1550 2053 1609 voti
2097 1570 2336 1627 compos
2379 1548 2574 1609 factus}

329 1656 449 1695 non
508 1641 600 1695 est
659 1643 782 1709 aut,
845 1656 1022 1713 quam
1082 1637 1205 1697 vim
1267 1638 1531 1697 habeant
1573 1638 1678 1695 illa
1721 1638 1924 1710 verba,
1972 1638 2348 1715 cognoscitur
2393 1646 2456 1697 et
2501 1659 2574 1698 ex

332 1730 551 1783 eventu
598 1758 681 1769 -—-
730 1725 1105 1785 monasteriis
1150 1725 1423 1799 conditis,
1470 1732 1533 1785 et
1578 1746 1651 1783 ex
1695 1725 1786 1798 iis,
1833 1745 1987 1802 quae
2027 1726 2266 1785 omnino
2297 1732 2574 1785 constant

332 1813 405 1871 de
437 1813 751 1873 Scotorum
782 1813 1381 1891 peregrinationibus,
1414 1834 1665 1891 quarum
1697 1813 1909 1873 Scotos
1936 1814 2124 1892 ipsius
2153 1813 2576 1891 peregrinandi

333 1920 509 1961 cauea
553 1900 848 1961 studiosos
892 1902 1073 1961 fuisse
1117 1902 1332 1963 scimus
1373 1904 1472 1978 (cf.
1504 1923 1685 1981 supra
1715 1924 1772 1981 p.
1808 1902 1892 1961 68
1922 1924 2010 1980 sq.
2043 1909 2105 1962 et
2133 1903 2289 1961 infra
2319 1903 2384 1961 in
2412 1902 2573 1979 fine).

332 1988 728 2067 Peregrinans
772 1990 963 2068 igitur
1005 2011 1115 2070 pro
1154 1991 1395 2051 Christo
1439 2010 1642 2050 amore
1688 1991 1957 2050 coelestis
1986 1991 2220 2069 patriae
2249 1996 2576 2051 commotus

334 2098 463 2139 cum
523 2077 589 2138 in
648 2077 907 2138 Galliam
969 2080 1255 2153 venisset,
1314 2100 1351 2139 a
1413 2080 1798 2139 Childeberto
1855 2099 2021 2157 rege,
2084 2080 2260 2155 hujus
2317 2078 2574 2139 nominis

332 2168 584 2227 secundo
633 2167 741 2242 (57
752 2167 1059 2245 5—596),
1118 2168 1439 2228 honorifice
1494 2174 1806 2246 susceptus
1862 2174 2222 2246 potestatem
2281 2173 2574 2227 monaste·

330 2254 553 2315 riorum
600 2256 1041 2315 condendorum
1086 2277 1123 2315 a
1168 2278 1308 2335 rege
1355 2257 1660 2335 flagitasse
1705 2257 1944 2317 videtur
1974 2258 2044 2333 (J
2045 2278 2138 2316 on.
2169 2258 2275 2317 vit.
2309 2256 2436 2316 Col.
2474 2258 2573 2330 12,

330 2345 489 2404 Mab.
546 2344 617 2402 H
673 2365 806 2403 ann.
866 2346 1021 2417 615,
1078 2368 1137 2424 p.
1200 2347 1307 2421 10)
1373 2352 1433 2405 et
1498 2352 1800 2424 potestate
1829 2346 2002 2409 .data
2061 2346 2297 2405 deserta
2356 2344 2576 2405 montis

331 2433 560 2511 Vosagi
602 2434 735 2494 loca
778 2434 972 2512 petiit.
1050 2434 1149 2494 Ibi
1194 2434 1453 2513 primum
1500 2434 1811 2495 constituit
1841 2434 2264 2494 monasterium
2295 2432 2574 2511 Anagra-

332 2528 501 2582 tense
548 2529 609 2582 et
652 2529 863 2600 postea
909 2529 1087 2582 aucto
1130 2526 1547 2584 monachorum
1595 2542 1840 2582 numero
1883 2523 2264 2582 Luxoviense
2309 2527 2372 2580 et
2415 2522 2574 2581 Fon-

330 2617 603 2683 tanense3
649 2611 792 2688 ipse,
840 2612 1028 2672 abbas
1058 2612 1455 2672 Luxoviensis
1484 2610 1846 2684 monasterii,
1881 2611 2100 2689 quippe
2131 2611 2292 2688 quod
2323 2609 2576 2670 aliorum

329 2700 734 2778 principatum
778 2705 1013 2760 teneret
1059 2702 1157 2776 (cf.
1188 2720 1372 2779 supra
1401 2723 1460 2778 p.
1494 2701 1625 2777 55),
1670 2699 1844 2759 modo
1891 2700 1988 2759 hic
2019 2700 2191 2759 modo
2223 2699 2346 2759 illic
2375 2719 2574 2760 verea-

330 2789 510 2848 batur
570 2789 810 2864 (Hertel
870 2811 928 2867 p.
985 2789 1142 2867 410)
1202 2825 1291 2838 —-
1349 2790 1537 2849 donec
1596 2809 1752 2848 anno
1815 2790 1942 2847 610
2006 2787 2410 2849 Theodoricue
2469 2809 2576 2849 rex

475 3016 497 3047 ²
540 3013 664 3082 Quo
718 3033 863 3068 anno
902 3013 1175 3068 Columba
1223 3013 1282 3068 in
1322 3014 1571 3068 Galliam
1610 3014 1856 3080 venerit,
1909 3014 2198 3082 discrepat
2234 3013 2386 3068 inter
2423 3012 2574 3066 viros

333 3086 531 3141 doctos
570 3086 641 3139 cf.
672 3085 958 3154 Flemingi
986 3086 1129 3138 Coll.
1171 3085 1328 3154 (vide
1366 3085 1791 3139 annotationem
1830 3087 2184 3152 sequentem)
2210 3101 2265 3152 p.
2295 3083 2399 3138 317
2425 3101 2573 3154 sqq.;

332 3157 464 3211 Act.
494 3156 598 3211 SS.
625 3157 772 3211 Boll.
800 3155 923 3210 Oct.
956 3157 1022 3211 16
1050 3159 1211 3226 (tom.
1245 3155 1379 3219 VH,
1408 3156 1467 3224 2)
1497 3173 1551 3224 p.
1580 3157 1686 3211 866
1713 3173 1862 3224 sqq.;
1901 3154 2125 3209 Ebrard
2153 3172 2208 3223 p.
2238 3155 2305 3209 16
2331 3158 2449 3209 not.
2479 3156 2574 3221 163

330 3229 575 3282 eundem
611 3228 671 3280 in
710 3227 1043 3294 Zeitschrift·
1062 3228 1167 3295 fiir
1212 3227 1264 3282 d.
1304 3226 1492 3282 histor.
1526 3226 1701 3282 Theol.
1743 3225 1899 3289 1875,
1940 3243 1995 3294 p.
2035 3225 2141 3280 500
2179 3243 2328 3294 sqq.;
2368 3225 2574 3279 Greith

328 3316 387 3368 p.
428 3299 702 3364 266—693
744 3297 948 3352 Hertel
987 3299 1047 3350 in
1075 3297 1399 3364 Zeitacht
1429 3298 1533 3365 fiir
1570 3298 1622 3353 d.
1663 3297 1789 3351 hist.
1824 3297 1996 3351 Theol.
2039 3296 2193 3361 1875,
2234 3313 2289 3364 p.
2317 3296 2422 3350 403
2450 3314 2570 3366 sqq.

332 3375 391 3423 et
439 3371 499 3423 in
537 3369 862 3437 Zeitschrift
891 3369 995 3437 fiir
1032 3369 1445 3438 Kirchenyeech.
1482 3367 1581 3422 111
1623 3368 1836 3437 (1879),
1874 3384 1930 3436 p.
1973 3369 2075 3423 145
2115 3385 2259 3436 sqq.;
2314 3367 2574 3438 Loening

330 3439 418 3506 ΙΙ,
467 3459 524 3509 p.
564 3441 667 3495 415
723 3445 841 3494 not.
885 3443 931 3493 1.
1011 3439 1217 3494 Omnes
1270 3443 1508 3509 excepto
1556 3439 1844 3503 Ebrard0‚
1895 3438 1993 3507 qui
2038 3437 2372 3494 Columbam
2427 3455 2574 3492 anno

332 3512 559 3565 demum
597 3513 702 3567 594
739 3512 799 3565 in
837 3510 1136 3566 Franciam
1174 3511 1396 3565 venisse
1434 3510 1724 3579 opinatur,
1765 3509 2124 3564 consentiunt
2161 3509 2568 3564 monasterium

334 3581 693 3636 Luxoviense
732 3600 877 3636 anno
916 3582 1021 3638 590
1060 3583 1153 3636 vel
1191 3583 1291 3638 591
1334 3582 1627 3638 eonditum
1667 3597 1804 3636 esse.

478 3653 500 3685 2
536 3653 845 3708 Columbae
877 3669 1057 3720 opera
1094 3653 1309 3721 primus
1346 3653 1529 3706 edidit
1566 3652 1852 3706 Patricius
1889 3649 2242 3719 Flemingus,
2282 3648 2572 3704 Hibernua

334 3723 723 3792 (Collectanea
748 3741 921 3778 sacra.
960 3722 1220 3776 Lovanii.
1263 3722 1445 3791 1667).
1512 3722 1614 3786 Ea,
1655 3740 1798 3792 quae
1834 3723 1895 3776 in
1929 3722 2291 3776 Bibliotheca
2328 3721 2573 3776 maxima

330 3799 479 3863 patr.
519 3794 641 3850 XII
679 3793 966 3863 (Lugdun.
1032 3793 1195 3861 1707)
1255 3797 1443 3848 exstat
1490 3810 1725 3862 operum
1776 3793 2087 3847 Columbae
2135 3793 2313 3846 editio
2360 3792 2443 3845 nil
2489 3795 2577 3844 est

329 3866 441 3920 nisi
463 3864 749 3936 Flemingi
776 3864 951 3919 editio
980 3865 1229 3932 repetita
1253 3868 1312 3918 et
1335 3864 1565 3933 quidem
1591 3867 1755 3918 tanta
1779 3864 2016 3918 levitate
2041 3863 2303 3930 repetita,
2330 3865 2394 3915 ut
2419 3878 2469 3914 e.
2496 3878 2570 3929 g„

331 3954 458 3990 eum
506 3935 787 4007 Flemingi
839 3936 1267 3990 observationes
1322 3935 1590 4003 praeviae
1645 3935 1706 3988 in
1755 3934 1980 4002 regulas
2028 3932 2336 3988 Columbae
2389 3933 2574 3986 denuo

330 4008 483 4076 typis
523 4008 981 4062 exscriberentur
1008 4009 1089 4076 (p.
1120 4008 1153 4060 2
1180 4008 1307 4076 sq.),
1334 4006 1421 4060 bis
1449 4004 1955 4059 transscriberetur
1980 4001 2267 4071 Flemingi
2289 4002 2438 4057 illud
2473 4005 2578 4068 „ut

330 4077 491 4146 infra
508 4078 726 4147 plenius
752 4079 1092 4133 ostenditur“
1120 4078 1213 4130 vel
1238 4095 1386 4146 „qua
1410 4077 1472 4130 de
1495 4093 1555 4129 re
1577 4075 1738 4143 infra
1762 4075 1970 4130 latiu8“
1991 4090 2329 4143 quamquam
2355 4073 2574 4128 omissis

336 4149 623 4218 Flemingi
650 4149 1107 4204 annotationibus
1134 4164 1317 4217 neque
1336 4147 1444 4201 hoc
1462 4163 1646 4216 neque
1666 4146 1813 4202 illud
1833 4144 1982 4200 infra
2001 4146 2306 4199 invenitur.
2359 4144 2573 4198 Tamen

335 4219 802 4345 33351’035013lz‘30
822 4219 1252 4346 ssssfiufflssssa
1276 4217 2026 4360 rssiffifflimssaffiffiaffissi
2039 4215 2573 4356 ᾱὲἕὲζῗῗᾶἕὲἔῗέἒ

772 4329 784 4343 ο
956 4333 968 4347 0
1233 4330 1245 4355 ²
2561 4325 2574 4344 ο
