3167 4900
1525 227 1970 285 ...66—

630 453 639 462 .
727 452 735 458 .
809 409 979 481 Quae
1034 424 1167 463 cum
1211 404 1302 463 ita
1342 404 1483 476 sint,
1530 404 1734 481 magni
1775 402 2060 463 momenti
2105 407 2260 461 esset
2303 401 2381 459 ad
2411 397 2881 475 cognoscendam

628 496 911 556 ecclesiae
958 492 1272 553 Scotorum
1318 498 1594 551 naturam
1639 492 2006 569 cognovisse,
2065 490 2222 551 unde
2269 490 2416 549 haec
2461 495 2634 550 tanta
2680 506 2881 551 mona-

629 586 879 644 chorum·
934 590 999 641 et
1055 582 1268 659 ipsius·
1300 582 1461 641 vitae
1520 581 1898 640 monachicae
1957 579 2284 639 auctoritas
2339 584 2472 637 orta
2495 583 2676 639 esset
2719 576 2884 654 apud

631 674 857 733 Scotos.
950 671 1069 731 Sed
1129 670 1367 745 dubito,
1430 690 1632 729 annon
1689 671 1834 729 haec
1894 668 2130 745 questio
2191 668 2344 728 solvi
2404 666 2610 746 possit.
2703 665 2882 727 Certe

631 765 855 821 frustra
900 760 1159 819 Skenius
1220 780 1349 817 eam
1406 758 1638 819 solvere
1695 762 1942 817 conatus
2005 764 2096 817 est
2149 755 2264 831 (ΙΙ,
2311 777 2370 834 p.
2418 754 2728 831 45-5o).
2819 752 2885 812 A

632 850 731 910 Sti
772 849 1021 908 Martini
1080 847 1441 907 monasterio
1498 848 1833 907 Turonensi
1895 847 2126 908 duabus
2187 845 2302 905 ‘viis
2357 845 2448 903 rei
2507 843 2884 906 monachicae

632 954 893 997 amorem
954 938 1017 994 in
1072 936 1431 995 Hiberniam
1488 937 1830 1015 pervenisse
1873 942 2076 1013 putat,
2138 934 2338 1011 priore
2397 954 2506 1011 per
2551 931 2886 999 Candidam

632 1046 849 1099 casam,
896 1024 1026 1084 Scti
1068 1024 1285 1086 Niniae
1328 1026 1770 1097 monasterium,
1817 1026 2009 1083 altera
2054 1044 2165 1101 per
2205 1022 2490 1083 Britones
2529 1020 2885 1082 Armoricae

635 1123 697 1173 et
758 1114 1091 1174 Cambriae
1180 1113 1422 1174 Niniam
1480 1115 1666 1186 enim,
1729 1132 1904 1190 quem
1961 1113 2130 1172 Beda
2191 1112 2273 1187 (h.
2333 1132 2383 1169 e.
2433 1112 2490 1183 3,
2547 1111 2588 1169 4
2641 1111 2680 1189 ἓ
2733 1109 2885 1183 158)

634 1203 904 1303 prodidit
947 1203 1149 1275 fuisse,
1200 1210 1267 1260 ut
1298 1200 1695 1281 perlubet-ent,
1755 1202 2099 1279 episcopum
2143 1202 2216 1259 de
2260 1200 2504 1261 natione
2549 1200 2888 1269 Britonum,

632 1290 752 1372 qui
781 1288 1013 1351 Romae
1057 1287 1403 1371 reyulariter
1425 1290 1618 1373 fidem
1663 1299 1719 1349 et
1759 1288 2035 1369 mysteria
2075 1287 2332 1349 ventam
2375 1287 2610 1349 edoctus
2656 1294 2885 1348 austra-

631 1378 786 1439 libus
816 1377 999 1439 Pictis
1029 1378 1269 1439 verbum
1298 1376 1395 1437 dei
1410 1377 1814 1457 praedicasset
1841 1378 2144 1460 sedemque
2171 1375 2560 1458 episeopalem
2589 1374 2684 1437 Sti
2715 1371 2884 1435 Mar·-

634 1467 745 1527 tim
798 1466 1053 1549 episcopi
1107 1464 1339 1527 nomine
1384 1475 1435 1525 et
1478 1464 1714 1527 ecclesia
1753 1466 2039 1548 insigmem
2081 1464 2372 1525 habuisset
2413 1464 2500 1525 od
2547 1463 2890 1527 Candidum

635 1576 867 1626 casam,
914 1556 1171 1615 Skenius
1216 1556 1561 1635 posterioris
1605 1557 1890 1633 temporis
1934 1555 2326 1635 scriptoribus
2371 1554 2504 1630 (vit.
2550 1555 2689 1615 Nin.
2735 1574 2888 1615 saec.

638 1644 802 1722 XII)
847 1644 1091 1703 nimiam
1140 1646 1317 1703 fidem
1362 1646 1588 1704 habens
1633 1646 1914 1722 opinatus
1957 1650 2048 1703 est
2091 1664 2212 1703 non
2257 1644 2449 1703 solum
2487 1643 2708 1703 vixisse
2739 1649 2888 1703 tem·

636 1734 886 1835 poribus
948 1733 1076 1793 Scti
1131 1734 1385 1793 Martini
1426 1733 1541 1811 (II,
1587 1755 1646 1812 p.
1695 1736 1760 1811 3)
1822 1734 1928 1792 sed
1983 1733 2164 1793 etiam
2213 1732 2555 1793 Turonibus
2591 1732 2890 1792 -visitasse

640 1824 839 1901 ipsum
884 1823 1053 1881 illum
1096 1822 1383 1881 Sanctum
1428 1822 1539 1898 (11,
1587 1844 1644 1899 p.
1693 1823 1804 1899 45)
1851 1826 2096 1900 ejusque
2143 1822 2386 1881 consilio
2434 1842 2608 1880 usum
2652 1840 2780 1881 esse
2824 1822 2891 1879 in

636 1910 1037 1971 constmenda
1082 1930 1189 1969 sua
1229 1912 1492 1984 ecclesia,
1536 1932 1718 1987 quam
1747 1932 1880 1969 cum
1911 1910 2270 1970 monasterio
2303 1914 2678 1987 conjunctam
2707 1910 2890 1969 fuisse

636 2001 777 2059 aliis
836 2000 1235 2077 posteriorum
1280 2001 1437 2059 vitis
1494 2002 1684 2059 fretus
1743 2000 2022 2061 affirmat.
2109 2000 2262 2057 Inde
2322 2020 2432 2077 per
2487 2018 2614 2073 eos,
2675 1999 2787 2074 qui
2827 1999 2893 2060 in

639 2090 717 2149 N
702 2109 858 2147 miae
920 2089 1281 2147 monasterio
1343 2089 1563 2149 eruditi
1622 2096 1845 2163 essent,
1907 2089 2066 2149 inter
2125 2109 2276 2165 quos
2337 2093 2401 2146 et
2451 2088 2650 2165 ipsum
2703 2086 2893 2147 Find-

643 2179 905 2249 barrum,
952 2176 1279 2236 Columbae
1324 2178 1594 2237 Hiiensis
1637 2179 2008 2255 magistrum,
2053 2184 2116 2237 et
2160 2177 2310 2236 alios
2355 2178 2602 2235 secundi
2641 2174 2893 2235 Sancto·

642 2284 775 2323 rum
822 2265 1149 2323 Hiberniae
1204 2265 1429 2325 ordinis
1488 2271 1728 2326 sanctos
1781 2273 2112 2339 enumerat,
2173 2267 2240 2323 in
2282 2265 2640 2324 Hiberniam
2695 2270 2892 2323 trans-

643 2355 931 2429 migrasse
976 2360 1281 2413 asseverat
1324 2356 1487 2413 vitae
1534 2355 1908 2415 monachicae
1954 2375 2232 2414 amorem.
2321 2353 2414 2413 At
2457 2354 2594 2429 quis
2637 2360 2748 2427 est,
2797 2352 2897 2412 cui

642 2442 903 2502 Skenius
933 2442 1311 2521 persuadeat,
1357 2449 1427 2503 ut
1456 2444 1674 2504 fabulis
1701 2444 2098 2522 posteriorum
2125 2442 2306 2502 fidem
2335 2443 2628 2521 adjungat
2644 2442 2673 2502 P
2735 2443 2896 2504 Num

644 2531 780 2590 fieri
824 2533 1039 2609 potuit,
1087 2539 1157 2592 ut
1197 2533 1555 2611 posteriores
1587 2533 1662 2592 de
1690 2533 1912 2594 Niuiae
1938 2533 2192 2592 historia
2223 2533 2434 2591 melius
2465 2533 2688 2591 scirent
2717 2551 2897 2610 quam

646 2619 834 2692 Beda,
880 2621 987 2695 qui
1031 2640 1127 2679 ne.
1150 2627 1409 2682 aetatem
1454 2623 1694 2698 quidem
1741 2626 1870 2698 ejus
1914 2623 2086 2682 novit
2131 2628 2192 2680 et
2224 2621 2438 2694 omnia,
2486 2641 2642 2699 quae
2671 2626 2897 2694 nai-rat,

648 2728 770 2766 non
814 2709 1053 2766 rettulit
1098 2710 1215 2768 nisi
1258 2710 1463 2769 addito
1508 2712 1613 2769 illo
1665 2719 1766 2784 „ut
1799 2704 2182 2792 perhibenffi?
2255 2711 2470 2770 Nonne
2507 2711 2667 2768 inter
2697 2730 2899 2770 omnes

648 2801 889 2855 constat
934 2797 1455 2857 exercitatissimos
1498 2799 1680 2858 fuisse
1725 2799 2070 2876 posterioris
2115 2799 2402 2876 temporis
2432 2797 2644 2858 Scotos
2689 2800 2753 2857 in
2791 2797 2899 2856 fin-

646 2885 863 2962 gendis
910 2884 1265 2944 Sanctorum
1310 2886 1451 2944 vitis
1470 2887 1498 2944 P

830 2973 993 3049 Ergo
1048 2974 1193 3034 haec
1247 2995 1486 3051 prorsus
1532 2975 1866 3051 abjicienda
1911 2981 2068 3035 sunt.
2159 2976 2368 3051 Neque
2415 2976 2634 3048 minus,
2691 2995 2899 3051 quam·

644 3082 832 3140 quam
878 3063 1221 3122 auctoribus
1266 3065 1468 3140 paullo
1514 3063 1856 3122 melioribus
1902 3064 2194 3136 nituntur,
2238 3064 2361 3136 illa,
2409 3085 2564 3141 quae
2603 3064 2678 3122 de
2707 3064 2902 3122 altera

650 3151 753 3209 via
806 3149 1062 3210 Skenius
1119 3151 1389 3229 protulit.
1481 3151 1802 3229 Catalogus
1862 3152 2016 3210 enim
2069 3151 2424 3212 Sanctorum
2485 3173 2522 3211 a
2567 3151 2748 3212 Gilda
2802 3151 2902 3228 (de

644 3259 771 3316 quo
817 3239 937 3298 vid.
984 3259 1165 3317 supra
1204 3261 1262 3317 p.
1300 3241 1405 3316 13)
1438 3246 1501 3299 et
1529 3241 1784 3313 Davide,
1827 3241 2212 3313 Meneviensi,
2257 3248 2320 3300 et
2350 3241 2518 3300 Doce
2548 3241 2903 3300 Britonibus

647 3328 901 3386 secundi
956 3327 1179 3386 ordinis
1234 3335 1471 3387 sanctos
1513 3327 1757 3388 missam
1801 3327 2086 3410 accepisse
2127 3329 2314 3387 refert
2359 3329 2466 3405 (H.
2511 3331 2629 3388 and
2675 3328 2766 3388 St.
2814 3329 2905 3402 H,

652 3417 717 3487 2,
765 3437 823 3492 Ρ.
859 3417 1031 3492 293).
1104 3416 1323 3492 Itaque
1371 3417 1465 3476 his
1509 3418 1862 3478 Britonibus
1910 3436 2042 3475 cum
2071 3418 2366 3478 Hibernia
2407 3418 2908 3476 necessitudinem

654 3502 839 3560 fuisse
891 3504 1143 3562 forsitan
1200 3504 1363 3562 credi
1407 3507 1634 3583 possit.
1707 3507 1827 3566 Sed
1871 3506 2018 3583 quid
2065 3505 2358 3566 Skenius?
2449 3507 2722 3566 Primum
2767 3507 2906 3566 Bri-

652 3597 863 3650 tonum
922 3612 1157 3669 quoque
1204 3593 1537 3667 ecclesiam,
1601 3601 1662 3654 et
1706 3593 2162 3654 Armoricanam
2207 3601 2419 3673 utpote
2461 3596 2908 3672 archiepiscopo

648 3679 991 3738 Turonensi
1022 3681 1339 3754 subditam,
1386 3689 1449 3740 et
1476 3689 1688 3761 postea
1719 3683 2140 3742 Cambrensem
2171 3684 2395 3756 eodem,
2443 3703 2560 3760 quo
2593 3682 2910 3742 Scotorum

645 3769 929 3843 ecclesia,
990 3770 1081 3828 rei
1138 3770 1515 3830 monachicae
1576 3793 1776 3832 amore
1829 3772 2120 3831 imbutam
2175 3771 2356 3831 fuisse
2401 3772 2628 3849 posuit,
2694 3772 2908 3830 deinde

656 3857 899 3916 Gildam
946 3863 1009 3916 et
1036 3859 1225 3919 socios
1268 3859 1600 3918 duodecimi
1631 3861 1852 3919 saeculi
1882 3861 2026 3920 vitis
2055 3880 2196 3920 usus
2227 3867 2470 3920 enarrat
2500 3861 2564 3920 in
2599 3860 2908 3932 Hibernia,

644 3950 824 4022 cujus
892 3945 1113 4008 imolae
1168 3968 1365 4026 paene
1428 3945 1770 4008 catholicam
1825 3947 2022 4030 fidem
2087 3947 2441 4029 reliquissem
2500 3950 2632 4025 (vit.
2693 3948 2911 4008 Gilda-e

645 4035 859 4094 Sirene
902 4035 989 4108 ΙΙ,
1045 4058 1103 4114 p.
1154 4038 1237 4094 50
1282 4043 1409 4096 not.
1448 4039 1575 4114 19),
1623 4036 2080 4096 ecclesiasticum
2125 4038 2392 4096 ordinem
2438 4043 2800 4098 restaurasse
2845 4044 2914 4096 et

657 4124 723 4182 in
752 4125 1176 4201 discipulorum
1200 4147 1445 4185 numero
1468 4125 1747 4198 habuisse
1769 4126 2106 4199 Finianum,
2139 4126 2620 4200 Glonardensem,
2651 4129 2909 4186 alterum

644 4212 985 4272 Columbae
1016 4215 1367 4290 magistrum
1400 4220 1461 4272 et
1490 4219 1644 4274 teste
1676 4215 1804 4275 vita
1833 4218 1978 4290 ejus,
2027 4215 2238 4274 ceteris
2269 4233 2387 4273 non
2417 4216 2636 4294 priore,
2674 4223 2912 4294 patrem

647 4303 918 4360 omnium
967 4323 1153 4380 paene
1199 4303 1263 4360 in
1309 4303 1608 4363 Hibernia
1653 4305 2146 4364 monasteriorum
2177 4302 2404 4382 (Skene
2434 4304 2521 4378 II,
2568 4327 2628 4384 p.
2661 4305 2746 4362 49
2774 4306 2913 4381 sq.).
