3167 4900
1193 238 1629 298 ...45-

385 413 670 476 Cbnstans
713 415 778 477 in
822 416 921 478 dei
961 417 1166 478 timore
1210 426 1263 478 et
1285 417 1418 500 fide
1459 415 1791 490 immobilis,

381 524 558 586 super
601 526 772 587 quem
815 505 950 567 aed
927 505 1155 591 fleatur
1197 515 1260 566 ut
1305 503 1518 568 Petrus
1563 505 1813 581 ecckeia,

381 590 655 676 cujusque
679 593 1072 678 apostolatum
1100 617 1140 656 a
1170 595 1276 656 deo
1307 595 1543 656 sortitus
1573 605 1679 656 est:
1714 597 1961 673 (Hand
1984 597 2073 660 St.
2100 598 2185 671 ΙΙ,
2215 600 2251 655 2
2258 620 2353 676 ,.p
2382 599 2535 676 324)

296 684 402 741 illa
449 684 887 762 interpretandi
932 685 1164 744 ratione
1197 685 1281 744 ita
1313 705 1485 763 posse
1517 686 1802 763 intellegi,
1849 693 1919 746 ut
1950 708 1985 744 a
2014 707 2173 765 papa
2204 687 2534 747 Patricium

291 772 536 832 missum
595 794 721 833 esse
782 775 1098 834 videantur
1167 795 1460 834 enarrare.
1577 775 1696 834 Sed
1755 797 1947 853 neque
2008 776 2101 834 his
2162 797 2354 855 neque
2415 776 2536 836 illis

293 862 568 921 versibus
613 864 706 921 uti
750 864 908 937 licet,
955 863 1134 922 immo
1167 863 1562 922 confitendum
1611 870 1719 937 est,
1767 863 2089 924 Secundini
2133 866 2414 942 hymnum
2460 866 2537 925 ad

292 951 761 1010 adumbrandam
821 952 1074 1012 Patricii
1132 953 1322 1012 vitam
1383 952 1601 1012 nullius
1661 954 1946 1013 momenti
2007 975 2147 1014 esse.
2250 955 2426 1030 Quod
2486 955 2536 1014 si

291 1059 492 1100 omnes
539 1042 954 1114 concederent,
1017 1042 1090 1100 de
1145 1047 1414 1118 tempore
1473 1042 1683 1100 melius
1722 1043 2076 1117 judicarent.
2169 1043 2331 1102 Luce
2379 1044 2534 1102 enim

292 1128 508 1188 clarius
571 1137 659 1190 est
719 1150 1032 1209 perperam
1095 1130 1348 1190 attribui
1403 1130 1513 1189 hoc
1570 1151 1806 1190 carmen
1854 1131 2213 1205 Secundino,
2283 1132 2537 1192 Patricii

290 1219 528 1294 aequali
573 1239 759 1297 eoque
805 1220 1057 1278 testibus
1103 1219 1417 1278 annalibus
1463 1220 1567 1296 (H.
1602 1221 1720 1278 and
1752 1219 1840 1279 St.
1874 1220 1959 1294 II,
1994 1222 2031 1278 2
2064 1243 2123 1299 p.
2159 1223 2283 1278 327
2318 1226 2439 1280 not.
2472 1224 2533 1298 a)

290 1312 430 1366 ante
463 1308 654 1384 ipsum
683 1307 1016 1368 Patricium
1048 1315 1299 1369 mortuo,
1393 1309 1605 1368 Nonne
1632 1312 1755 1384 jam
1785 1310 1963 1386 primi
1994 1310 2271 1370 carminis
2302 1331 2532 1370 versus:

378 1392 622 1467 Audite,
669 1415 864 1456 omnes
909 1405 1170 1468 amantes
1215 1397 1410 1468 deum,
1457 1406 1661 1456 sancta
1705 1397 1913 1458 mrita

377 1481 496 1543 vivi
520 1484 584 1544 ιἰι
616 1482 852 1545 Christo
884 1483 1036 1544 beati
1063 1483 1316 1545 Patmlcii
1341 1484 1624 1568 episcwi:
1662 1487 1767 1563 (Η.
1800 1487 1919 1546 and
1952 1486 2040 1546 St.
2073 1487 2161 1561 ΙΙ,
2195 1489 2250 1560 2,
2283 1510 2341 1566 p.
2377 1490 2532 1566 324)

289 1573 700 1634 demonstrant
745 1582 983 1654 poe'tam
1029 1575 1214 1634 multo
1260 1580 1397 1653 post
1426 1575 1680 1634 Patricii
1709 1581 1961 1635 mortem
1992 1576 2251 1636 vixisse?
2296 1577 2530 1655 Itaque,

291 1683 410 1739 quo
454 1669 720 1742 tempore
767 1664 1020 1740 hymnus
1068 1664 1426 1742 compositus
1473 1665 1577 1736 sit,
1636 1664 1751 1723 nisi
1797 1686 1869 1723 ex
1914 1665 2061 1742 ipsis
2118 1666 2417 1726 codicibus
2474 1673 2533 1726 et

289 1773 361 1809 ex
418 1759 685 1812 veterum
742 1753 1096 1812 testimoniis
1153 1752 1384 1811 definiri
1439 1773 1558 1811 non
1615 1759 1828 1830 potest.
1921 1753 2143 1814 Exstat
2204 1761 2404 1814 autem
2466 1756 2530 1813 in

289 1841 490 1900 codice
535 1841 674 1900 libri
720 1842 1070 1918 hymnorum
1117 1862 1249 1902 saec
1289 1841 1390 1898 XI
1437 1841 1695 1918 (StokeS,
1742 1841 2050 1902 Goidelica
2080 1843 2220 1902 edit.
2254 1845 2293 1900 2
2326 1865 2383 1920 p.
2419 1845 2529 1920 61)

289 1936 350 1989 et
394 1931 459 1989 in
505 1928 948 2008 Antiphonario
1003 1930 1407 1990 Benchorensi
1463 1937 1603 1989 ante
1660 1952 1879 1990 annum
1936 1933 2057 1989 691
2077 1976 2091 2004 ,
2159 1939 2229 1991 ut
2280 1938 2531 2008 putatur

289 2021 456 2094 (num
504 2020 703 2079 recte?
751 2021 840 2084 cf„
871 2026 1079 2079 contra
1127 2019 1386 2092 Schoell,
1433 2019 1679 2096 Herzog
1721 2020 1797 2079 R.
1843 2021 1913 2078 E.
1968 2022 2041 2078 11
2094 2042 2152 2097 p.
2203 2022 2328 2079 200
2377 2024 2528 2096 ejus-

287 2107 424 2166 dem
471 2108 608 2167 diss.
658 2131 714 2186 p.
767 2109 893 2185 54),
941 2107 1302 2186 conscript03
1371 2109 1564 2186 prima
1610 2129 1750 2168 vero
1796 2130 1936 2168 vero
1985 2110 2262 2168 carminis
2306 2111 2528 2170 mentio

287 2197 587 2276 reperitur
631 2198 693 2255 in
736 2197 1156 2257 additamentis
1189 2195 1506 2256 Tirechani
1539 2198 1717 2274 (liber
1747 2196 1958 2256 Ardm.
1991 2198 2245 2258 Betham
2274 2199 2359 2272 II,
2392 2220 2528 2278 app.

287 2307 344 2363 p.
392 2285 730 2364 XXXVI).
820 2285 1038 2363 Itaque
1097 2287 1330 2346 saeculo
1391 2287 1645 2367 septimo
1704 2288 1963 2366 priorem
2026 2308 2147 2348 esse
2209 2287 2529 2347 Secundini

287 2375 571 2453 hymnum
604 2376 978 2454 comprobari
1020 2396 1138 2435 non
1183 2381 1398 2454 potest,
1447 2397 1631 2455 eaque
1678 2376 1809 2455 ipsa
1853 2377 1927 2436 de
1974 2396 2149 2436 causa
2196 2377 2375 2436 etiam
2420 2377 2527 2435 mi-

287 2464 451 2523 noris
496 2466 780 2524 momenti
826 2472 930 2524 est.

467 2553 634 2628 Quae
689 2555 929 2613 tandem
985 2559 1224 2614 exstant
1278 2554 1498 2613 saeculi
1553 2554 1791 2633 septimi
1846 2556 2035 2614 altera
2096 2560 2270 2633 parte
2329 2556 2529 2633 priora

288 2643 362 2701 de
404 2642 672 2702 Patricio
734 2644 1112 2703 testimonia?
1187 2644 1324 2703 Duo
1387 2650 1548 2715 sunt,
1618 2643 1787 2721 prius
1848 2665 1917 2703 ac
1980 2644 2166 2703 levius
2228 2644 2529 2718 Cumeani,

288 2733 540 2791 alterum
587 2732 1003 2809 gravissimum
1053 2732 1376 2791 Columbae
1420 2732 1833 2791 Luxoviensis.

415 2828 433 2834 “
467 2820 709 2879 Certum
770 2827 860 2881 est
915 2827 1250 2899 utrumque.
1339 2822 1463 2881 Vix
1524 2822 1681 2880 enim
1740 2822 1957 2881 licebat
2016 2820 2310 2885 Schoellio
2370 2823 2534 2899 (diss.

285 2933 344 2989 p.
396 2910 506 2986 73)
552 2910 614 2967 in
663 2909 1096 2969 dubitationem
1142 2931 1380 2984 vocare,
1430 2931 1581 2988 quae
1629 2910 1965 2971 Cumeanus
2010 2911 2083 2969 de
2129 2911 2311 2970 variis
2359 2912 2535 2987 cyclis

286 2997 668 3077 paschalibus
727 3000 912 3058 verba
972 2999 1195 3058 faciens
1257 2998 1541 3076 SegeniO,
1613 3000 1820 3059 abbati
1877 3000 2114 3057 Hiiensi
2185 3019 2341 3057 anno
2404 3000 2531 3057 634

287 3089 386 3163 (cf.
431 3088 614 3164 infra)
677 3088 915 3165 scripsit
974 3085 1274 3166 „primum
1338 3087 1411 3147 de
1472 3084 1630 3168 cyclo
1688 3084 1787 3146 illo
1843 3106 2012 3168 quem
2072 3084 2159 3147 St.
2219 3084 2534 3159 Patricius,

280 3195 454 3257 papa
498 3185 713 3245 noster,
775 3174 902 3235 adit
947 3184 998 3235 et
1027 3173 1227 3258 facit“
1274 3170 1535 3256 (Usserii
1576 3184 1833 3235 veterum
1876 3174 2254 3255 epistolarum
2286 3171 2531 3256 sylloye.

285 3261 483 3323 Pari-3.
538 3264 704 3323 1665
753 3285 810 3342 p.
855 3266 983 3341 21).
1075 3264 1230 3323 Nam
1277 3266 1503 3341 cyclum
1549 3264 1735 3337 illum,
1782 3263 1883 3335 „in
1926 3284 2040 3345 quo
2083 3261 2225 3323 luna
2270 3284 2309 3322 a
2359 3260 2543 3323 XIV

285 3374 462 3433 usque
506 3352 572 3413 in
621 3348 809 3411 XXI
842 3352 1183 3433 requlariter
1229 3351 1600 3413 observatuvss‘
1646 3306 1840 3431 (ibid.)
1889 3353 2139 3413 eundem
2184 3354 2380 3427 fuisse,
2430 3354 2533 3431 qui

285 3448 494 3519 postea
561 3441 967 3501 Romanorum
1044 3448 1200 3514 erat,
1279 3463 1589 3521 perperam
1668 3442 1994 3502 Schoellius
2071 3443 2351 3521 opinatus
2427 3449 2533 3503 est.

286 3531 504 3604 Immo,
569 3532 646 3603 si,
708 3531 772 3589 id
819 3532 976 3608 quod
1023 3552 1140 3591 non
1196 3551 1347 3590 unus
1401 3533 1528 3611 ipse
1590 3538 1763 3609 put0,
1834 3533 2017 3591 verba
2071 3532 2175 3591 illa
2242 3533 2330 3591 ita
2396 3539 2573 3593 sunt·

285 3620 751 3698 interpretanda,
800 3626 868 3678 ut
912 3622 1087 3679 lunae
1133 3619 1324 3679 XVI⁸
1371 3621 1923 3699 comprehendatur,
1970 3622 2145 3680 lunae
2188 3620 2388 3679 XXI*
2434 3642 2532 3681 ex·

286 3710 564 3768 cludatur
606 3709 990 3768 hebdomadis
1037 3710 1249 3787 spatio,
1298 3710 1398 3768 ille
1444 3730 1569 3768 mos
1602 3710 1853 3769 Patricii
1901 3715 1962 3768 et
2010 3731 2141 3769 cum
2188 3711 2533 3788 posterioris

285 3798 572 3875 temporis
605 3797 798 3857 Scotis
846 3804 908 3856 et
954 3817 1085 3856 cum
1133 3819 1271 3857 suae
1319 3799 1536 3858 aetatis
1566 3798 1854 3857 Romanis
1902 3805 1961 3857 et
1992 3799 2348 3859 Britonibus
2396 3819 2529 3857 con-

285 3886 514 3961 gruisse
561 3886 878 3946 invenitur.
941 3874 1340 3960 Quamobrem
1388 3887 1675 3947 Cumeani
1720 3889 1793 3946 de
1837 3888 2102 3947 Patricio
2134 3890 2315 3948 verba
2362 3887 2531 3946 nobis

286 3976 420 4034 usui
467 3996 591 4035 esse
639 3995 755 4033 non
803 3982 1070 4053 possunt.
1127 4018 1132 4023 -

465 4062 726 4123 Gravius
773 4072 864 4123 est
911 4063 1235 4123 Columbae
1267 4064 1661 4125 Luxoviensis
1709 4063 2128 4123 testimonium.
2205 4064 2533 4142 Reperitur

287 4152 441 4212 enim
488 4152 738 4211 Patricii
783 4173 996 4211 nomen
1051 4152 1115 4210 in
1162 4153 1513 4212 Calendario
1562 4153 1817 4229 quodam
1872 4153 2237 4212 Luxoviensi
2291 4154 2354 4211 in
2408 4174 2528 4213 mo-

287 4242 547 4301 nasterio
607 4240 798 4299 medio
859 4243 1091 4300 saeculo
1162 4241 1414 4318 septimo
1485 4242 1821 4319 conscripto
1868 4242 2093 4319 (Piper.
2143 4237 2367 4313 Karls,
2430 4242 2532 4301 des

291 4324 564 4401 Grossen,
611 4325 1050 4390 Kalendarium
1097 4328 1222 4389 und
1274 4325 1597 4412 Ostertasel.
1650 4331 1818 4389 1858
1866 4352 1923 4409 p.
1959 4332 2086 4408 64).
2178 4331 2351 4391 Unde
2399 4351 2530 4390 cum
