3167 4900
1235 200 1497 256 -39
1590 235 1678 244 -.

337 374 502 436 citato
535 373 804 457 flatuque
837 395 1132 456 prospero
1177 397 1342 436 marc
1384 385 1651 436 nostrum
1696 375 1981 438 contendit
2026 385 2087 438 et
2132 380 2213 456 (p.
2246 379 2396 456 XV)
2442 380 2577 455 alia,

336 465 674 524 obscuriora
732 466 971 542 quidem
1015 466 1145 538 illa,
1209 485 1386 543 quam
1441 472 1510 524 ut
1555 487 1893 526 asseverare
1949 468 2197 526 audeam
2243 468 2315 527 de
2362 469 2577 528 itinere

333 555 606 614 Romano
667 556 728 613 in
785 555 904 614 illis
958 554 1088 612 fieri
1147 556 1531 628 mentionem,
1593 555 1834 614 haecce:
1908 551 2103 617 Victor
2148 565 2272 616 crat
2316 555 2575 639 anyelus,

333 642 436 724 qui
477 640 809 704 Patricium
865 663 1034 723 saepe
1086 643 1318 703 visitare
1361 641 1575 704 solebat
1620 653 1671 704 ct
1732 641 1929 706 Victor
1972 642 2219 705 alterum
2264 644 2578 727 anquclum

333 732 416 792 ad
458 730 790 792 Patricium
821 729 1257 812 prohibendum
1301 753 1370 793 ne
1403 741 1613 812 peryct
1658 754 1771 815 quo
1804 754 2051 816 perycrc
2097 734 2255 814 capit
2299 735 2484 796 missit
2524 745 2577 797 et

333 821 486 881 clia-it
530 819 638 893 illi,
685 841 870 902 quare
901 820 1288 904 proficisceris
1319 820 1439 882 sinc
1480 817 1725 881 Victoris
1756 821 1993 884 consilio
2024 868 2036 881 .
2072 869 2084 882 .
2120 868 2133 882 .
2166 825 2264 900 (cf.
2294 846 2353 901 p.
2378 825 2575 885 XVII

333 907 646 990 anquelicis
690 909 1004 990 conloquiis
1019 909 1340 992 sistebatur
1369 919 1683 991 antequam
1714 911 1785 971 cle
1818 909 2017 972 Scotia
2046 912 2130 972 ad
2161 909 2412 972 Latinos
2430 933 2571 994 per-

327 998 530 1080 9eret).
623 1000 833 1058 Nonne
879 999 972 1058 his
1021 1020 1254 1076 quoque
1301 1000 1498 1059 verbis
1545 1000 1748 1058 dedita
1794 1021 1975 1078 opera
2020 1003 2290 1062 Muirchu
2337 1003 2575 1062 videtur

332 1109 580 1164 negasse
611 1087 942 1146 Patricium
987 1089 1325 1166 pervenisse
1357 1089 1657 1148 Romam?
1726 1088 1802 1148 Id
1850 1090 2087 1167 quidem
2118 1090 2407 1170 suspicari
2437 1093 2576 1151 licet

331 1177 706 1238 Muirchuum
764 1178 1040 1255 episcopo
1087 1177 1357 1236 Romano
1404 1178 1564 1248 haud
1610 1179 1697 1237 ita
1742 1179 1891 1236 bene
1938 1179 2207 1256 cupiisse.
2284 1180 2574 1257 Alioquin

331 1287 408 1324 an
470 1267 802 1345 scripsisset
863 1268 934 1324 de
979 1266 1251 1326 Palladio
1313 1287 1346 1324 a
1393 1266 1729 1326 Coelestino
1796 1267 1997 1326 misso:
2048 1264 2351 1346 prohibuit
2404 1265 2576 1327 illum

332 1357 468 1433 [om.
501 1357 666 1434 deus]
673 1401 688 1433 ,
729 1354 869 1436 quia
898 1374 1064 1416 nemo
1088 1364 1276 1437 potest
1305 1355 1564 1435 accipere
1594 1355 1904 1436 quicquam
1934 1355 2006 1416 de
2036 1349 2195 1414 terra
2222 1355 2339 1416 nisi
2366 1356 2575 1417 datum

329 1444 382 1504 ci
423 1443 617 1526 faerit
676 1444 750 1504 dc
809 1442 962 1504 coclo
1010 1489 1022 1502 .
1059 1489 1072 1503 .
1105 1489 1116 1504 .
1152 1489 1164 1502 .
1210 1463 1472 1504 reversus
1526 1453 1609 1504 cst
1660 1444 1745 1504 ad
1798 1464 1955 1516 eum,
2017 1444 2121 1526 qui
2170 1443 2353 1505 missit
2407 1442 2576 1504 illum

330 1533 611 1609 (Betham
641 1533 727 1604 II,
761 1555 896 1612 app.
927 1555 985 1610 p.
1018 1533 1076 1609 I)
1095 1534 1123 1592 ‘1²
1187 1532 1476 1592 Attamen
1507 1534 1900 1592 fraudationis
1931 1535 2305 1593 Muirchuum
2338 1555 2573 1594 accuses

329 1623 528 1680 nolim.
622 1622 812 1681 Immo
874 1629 1078 1700 putem
1131 1625 1258 1697 jam
1318 1629 1460 1681 tunc
1506 1622 1686 1681 fuisse
1732 1624 2069 1696 nonnullos,
2134 1625 2237 1700 qui
2280 1624 2575 1701 fingerent

329 1711 661 1771 Patricium
707 1732 816 1788 pro
863 1711 1136 1770 Palladio
1185 1712 1279 1770 vel
1324 1717 1462 1788 post
1507 1711 1845 1770 Palladium
1892 1711 2087 1770 Roma
2133 1733 2204 1769 ex
2248 1714 2398 1771 urbe
2446 1734 2571 1772 esse

327 1801 588 1859 missum.
669 1800 898 1874 Quibus
945 1820 1076 1858 cum
1121 1801 1394 1858 Muirchu
1441 1800 1621 1859 vellet
1666 1801 1979 1874 obsistere,
2041 1821 2247 1860 averso
2294 1801 2489 1860 animo
2538 1825 2573 1860 a

332 1890 514 1953 variis
560 1890 680 1947 illis
727 1890 977 1962 casibuS,
1026 1890 1242 1965 quibus
1286 1888 1589 1948 Patricius
1634 1895 1957 1966 antequam
2004 1909 2077 1947 ex
2124 1887 2321 1948 Gallia
2368 1891 2431 1948 in
2460 1891 2571 1948 Hi-

327 1979 596 2037 berniam
657 1978 888 2038 veniret
941 1981 1205 2054 jactatus
1267 1983 1358 2036 est
1419 1998 1618 2037 omnes
1682 1977 2071 2054 cogitationes
2128 1977 2301 2038 nimis
2345 1978 2571 2040 fervide

329 2068 572 2127 videtur
617 2067 940 2126 intendisse
987 2067 1064 2125 ad
1110 2066 1450 2125 diluendam
1496 2067 1734 2125 illorum
1781 2067 2134 2144 opinionem.

509 2155 629 2215 Sed
677 2176 914 2233 quoquo
961 2156 1135 2214 modo
1182 2177 1278 2214 res
1323 2176 1447 2214 sese
1494 2156 1677 2214 habet
1724 2176 1855 2214 cum
1886 2156 2183 2216 Muirchui
2213 2157 2571 2231 narratione,

326 2247 438 2304 hoc
498 2266 607 2322 pro
665 2252 827 2304 certo
883 2266 1191 2322 possumus
1247 2244 1542 2304 affirmare
1598 2245 1819 2304 saeculi
1863 2247 2103 2324 septimi
2150 2247 2337 2305 altera
2382 2255 2571 2325 parte,

326 2356 460 2394 cum
523 2334 892 2394 Tirechanus
952 2334 1274 2406 scribebat,
1339 2335 1403 2391 in
1463 2335 1757 2392 Hibernia
1816 2335 1995 2394 fuisse
2055 2337 2407 2412 permultos,
2450 2337 2573 2413 'qui

327 2423 582 2484 Patricii
627 2423 845 2483 itinera
878 2442 998 2503 per
1033 2417 1300 2485 Galliam
1345 2431 1514 2505 atquc
1552 2420 1790 2483 Italiam
1818 2431 1999 2483 totam
2028 2423 2379 2485 firmissimis
2407 2426 2572 2485 testi-

328 2514 562 2586 moniiS,
609 2514 797 2591 ipsius
843 2513 1094 2571 Patricii
1141 2514 1398 2591 scriptis,
1445 2514 1736 2571 haberent
1783 2514 2183 2590 comprobata.

510 2602 736 2662 Verum
783 2602 1080 2662 enimvero
1127 2602 1258 2680 ipsa
1303 2602 1406 2661 illa
1452 2601 1613 2659 dicta
1652 2600 1903 2660 Patricii
1947 2600 2088 2660 ficta
2134 2622 2261 2661 6666
2306 2608 2570 2679 possunt,

327 2692 508 2767 idque
555 2692 620 2751 in
651 2692 946 2751 Hibernia
993 2690 1380 2763 meridionali,
1431 2690 1655 2769 quippe
1686 2711 1839 2767 quae
1870 2691 2063 2767 prima
2094 2692 2355 2749 omnium
2388 2692 2571 2751 totius

328 2780 660 2840 Hiberniae
718 2782 1025 2857 regionum
1079 2794 1241 2839 'anno
1291 2780 1418 2838 634
1465 2779 1808 2839 societatem
1864 2779 2066 2839 inierit
2111 2801 2244 2839 cum
2288 2781 2573 2840 Romanis

330 2870 474 2945 (vid.
507 2870 706 2945 infra).
785 2869 1192 2947 Suspicionem
1239 2870 1394 2928 enim
1441 2874 1657 2942 movet,
1707 2870 1865 2946 quod
1910 2871 2205 2946 permulta
2252 2876 2395 2929 tunc
2425 2877 2571 2929 tem·
2629 2864 2635 2871 ⁸

328 2959 495 3037 poris
549 2957 688 3018 ficta
735 2965 872 3017 sunt
919 2957 1080 3017 dicta
1125 2957 1405 3030 Patricii,
1469 2978 1622 3035 quae
1666 2958 1833 3015 illum
1878 2958 2165 3016 Romanis
2212 2958 2427 3017 favisse
2474 2959 2570 3017 de-

329 3053 748 3107 monstrarent.
825 3048 922 3107 Ex
970 3047 1184 3124 quibus
1230 3048 1340 3105 hoc
1386 3067 1569 3104 unum
1604 3066 2059 3104 commemorare
2092 3047 2239 3105 satis
2270 3046 2365 3119 sit,
2416 3048 2574 3124 quod

330 3138 394 3194 in
427 3138 754 3195 canonibus
785 3136 1130 3195 Hibernicis
1161 3154 1352 3212 nuper
1381 3136 1638 3211 primum
1668 3135 1731 3191 in
1762 3136 1953 3192 lucem
1987 3134 2163 3193 editis
2196 3130 2341 3210 (Die
2370 3132 2575 3195 irisclie

334 3222 958 3305 Canoncnsammluny.
1021 3226 1313 3302 Herausg.
1344 3244 1462 3283 von
1493 3224 2033 3282 Wasserschleben.
2091 3222 2339 3283 Giessen
2377 3226 2573 3302 1874)

330 3336 488 3373 anno
537 3314 772 3373 circiter
822 3316 948 3371 700
996 3314 1344 3391 conscriptis
1393 3312 1936 3388 (Wasserschleben
1982 3334 2039 3390 p.
2086 3312 2197 3384 VI,
2253 3334 2311 3391 p.
2359 3312 2573 3387 XVII,

333 3406 370 3461 2
421 3414 482 3463 et
528 3403 774 3476 XVIII,
825 3405 888 3479 3)
935 3404 1236 3462 Patricius
1296 3422 1415 3461 non
1475 3404 1665 3461 solum
1724 3401 1945 3460 dicitur
1997 3402 2350 3475 decrevisse,
2410 3409 2480 3461 ut
2524 3401 2579 3463 si

331 3512 480 3574 quac
539 3490 892 3573 quaestiones
951 3490 1013 3550 in
1071 3489 1180 3550 hac
1237 3488 1428 3551 insula
1475 3490 1769 3561 oriantur,
1831 3489 1914 3550 ad
1958 3490 2151 3551 sedem
2196 3488 2575 3571 apostolicam

331 3580 661 3661 referantur
706 3582 834 3657 (lib.
865 3580 1014 3653 XX,
1065 3580 1101 3637 5
1135 3580 1520 3639 Wasserschl.
1552 3603 1611 3658 p.
1648 3582 1729 3639 73
1780 3582 1849 3638 cf.
1882 3600 2062 3657 supra
2108 3598 2260 3657 quae
2304 3602 2375 3639 ex
2422 3581 2573 3639 libro

331 3670 557 3747 Angeli
601 3670 982 3747 transscripsi
1027 3691 1085 3747 p.
1121 3670 1229 3747 35)
1279 3670 1380 3728 sed
1427 3670 1608 3727 etiam
1656 3669 2032 3729 constituisse
2076 3670 2312 3728 haecce:
2360 3668 2414 3728 si
2449 3668 2576 3751 quis

333 3756 603 3830 clericus,
667 3755 830 3839 cujus
891 3756 1092 3840 capilli
1145 3778 1260 3817 non
1323 3766 1454 3817 sant
1498 3756 1650 3817 tonsi
1693 3754 1971 3817 Romano
2015 3777 2205 3829 more,
2272 3756 2433 3817 debet
2478 3777 2572 3819 ecc-

335 3846 758 3908 co‘mmunicari
819 3848 943 3923 (lib.
989 3847 1142 3920 LII,
1208 3850 1263 3905 7.
1331 3846 1721 3906 Wasserschl.
1778 3870 1836 3925 p.
1886 3848 2059 3924 242).
2151 3846 2390 3905 Fictum
2451 3868 2575 3905 esse

335 3937 588 3995 alterum
645 3937 792 3995 illud
839 3937 1062 3995 dictum
1108 3936 1474 4013 argumentis
1522 3934 1867 3995 confirmare
1912 3956 2060 4015 opus
2107 3955 2225 3993 non
2274 3940 2401 4013 est„
2456 3933 2576 3993 Sed

329 4027 504 4101 juvat
561 4046 1014 4085 commemorare
1069 4026 1598 4085 luculentissimum
1646 4029 1877 4083 exstare
1924 4021 2354 4095 testimonium,
2419 4024 2577 4100 quod

337 4234 621 4289 affirmare
669 4234 930 4289 dissidiae
977 4234 1121 4288 illud
1169 4234 1413 4303 positum
1462 4250 1583 4286 esse
1632 4250 1737 4301 pro
1787 4232 1960 4287 verbo
2008 4232 2227 4287 dissidii
2262 4236 2323 4285 et
2358 4228 2579 4287 dissidii

335 4305 616 4361 <lominum
655 4305 869 4387 dictum
907 4322 1029 4359 esse
1069 4305 1398 4375 episcopum
1437 4304 1772 4359 Romanum.
