3167 4900
1547 246 1977 306 ...12-

814 422 1031 484 Altera
1075 425 1255 486 etiam
1302 425 1394 485 sui
1439 425 1631 504 ipsius
1677 446 1856 485 causa
1900 426 2452 486 commemoratione
2498 425 2681 503 digna
2721 425 2875 486 vide-

637 520 752 573 tur.
846 513 1076 591 Cuique
1121 515 1303 588 enim,
1350 521 1421 574 ut
1465 515 1693 593 opinor,
1742 513 1955 574 Gildae
2001 515 2186 574 libros
2229 515 2453 592 legenti
2500 516 2879 593 conspicuum

637 601 958 676 videbitur,
1008 604 1165 680 quod
1199 603 1408 664 Gildas
1449 606 1565 681 (ep.
1598 606 1633 682 ξ
1668 605 1751 662 74
1782 606 1895 680 sq.)
1940 604 2299 662 mentionem
2343 604 2488 664 fecit
2534 604 2607 662 de
2638 604 2879 682 Ignatio

639 696 701 749 et
744 691 1076 770 Polycarpo
1133 695 1318 752 verba
1379 695 1687 770 proferens
1748 713 1819 750 ex
1878 693 2054 768 hujus
2114 693 2399 770 martyrio
2460 699 2523 752 et
2581 693 2743 752 illius
2804 693 2880 751 ad

638 780 938 840 Romanos
987 782 1259 859 epistula.
1350 783 1560 843 Nonne
1621 781 1765 841 haec
1822 802 1918 840 res
1934 825 1948 854 ‚
2012 781 2127 841 etsi
2186 788 2420 842 constat
2481 803 2555 840 ex
2602 781 2881 858 Gregorii

640 868 1000 929 Turonensis
1047 870 1118 928 de
1163 871 1356 947 gloria
1401 877 1730 947 martyrum
1775 871 1977 930 libello
2024 874 2097 946 (c.
2145 872 2249 928 86.
2293 870 2513 954 Migne,
2558 870 2628 929 P.
2668 871 2743 928 L.
2778 872 2879 943 71,

637 977 692 1034 p.
731 958 874 1016 782.
924 960 997 1019 cf.
1032 959 1303 1033 Warren,
1349 981 1408 1038 p.
1455 962 1566 1036 99)
1614 959 1962 1035 martyrium
2008 959 2327 1036 Polycarpi
2370 957 2435 1017 in
2480 959 2881 1038 compluribus

639 1044 874 1106 GaHiae
921 1048 1178 1108 ecclesiis
1223 1049 1540 1110 recitatum
1604 1069 1730 1108 esse
1787 1049 1853 1106 in
1914 1047 2279 1107 celebrandis
2324 1047 2713 1108 eucharistiae
2758 1069 2880 1124 my-

637 1134 837 1194 steriis
852 1180 867 1209 ,
924 1171 998 1180 —
1049 1157 1246 1196 nonne
1262 1183 1276 1211 ,
1334 1158 1553 1216 quaeso
1570 1182 1587 1211 ,
1646 1138 1791 1196 haec
1836 1157 1931 1196 res
1978 1137 2217 1196 videtur
2260 1137 2522 1196 indicare
2568 1143 2879 1196 consuetu-

638 1223 839 1283 dinem
884 1225 1064 1286 fuisse
1109 1227 1392 1304 antiquae
1437 1227 1757 1286 Britonum
1802 1225 2081 1285 ecclesiae
2128 1245 2259 1284 cum
2303 1226 2551 1285 urbibus
2580 1227 2879 1303 Lugduno

641 1317 701 1371 et
745 1313 982 1374 Vienna
997 1314 1026 1372 ⁸?

815 1403 985 1462 Haec
1031 1402 1104 1462 de
1148 1403 1510 1482 primordiis.
1602 1401 1706 1462 Ad
1750 1404 1999 1463 alteram
2055 1405 2181 1480 jam
2242 1404 2547 1464 veniamus
2606 1404 2881 1464 ecclesiae

637 1489 956 1550 Britonum
1002 1497 1259 1551 aetatem

1023 1685 1160 1752 inde
1205 1686 1284 1753 ab
1332 1702 1490 1754 anno
1537 1687 1692 1768 450,
1742 1703 1933 1770 usque
1978 1686 2055 1753 ad
2104 1703 2323 1754 annum
2373 1686 2501 1755 597

639 1849 1055 1927 pertinentem.
1145 1849 1240 1908 De
1271 1870 1389 1926 qua
1418 1850 1767 1926 priusquam
1799 1849 2087 1908 disserere
2130 1849 2499 1927 incipiamus,
2546 1851 2883 1910 meminerit

639 1939 721 2011 ie,
769 1938 874 2014 qui
919 1937 1064 1996 haec
1109 1939 1258 2014 legit
1274 1983 1288 2011 ,
1347 1959 1416 1997 eo
1461 1939 1593 2017 ipso
1640 1940 1903 2012 saecu10,
1952 1959 1987 1996 a
2034 1958 2151 2014 quo
2198 1937 2436 1996 initium
2482 1939 2671 2015 capit,
2739 1940 2882 1999 alibi

641 2047 876 2105 quoque
911 2027 1052 2103 quin
1085 2027 1265 2087 etiam
1296 2027 1360 2086 in
1391 2028 1665 2086 omnibus
1705 2027 2027 2087 occidentis
2068 2028 2245 2087 terris
2286 2027 2667 2104 antiquitatis
2712 2028 2880 2088 insti-

635 2122 772 2175 'tuta
805 2115 1106 2189 corruisse,
1153 2136 1308 2175 nova
1347 2117 1639 2192 quaedam
1678 2116 1992 2176 exstitisse.
2085 2116 2454 2192 Quocunque
2500 2118 2880 2193 spectaveris,

641 2207 706 2264 in
737 2205 1039 2263 doloribus
1085 2205 1256 2281 quasi
1299 2225 1631 2282 puerperae
1676 2211 1819 2264 tunc
1864 2205 2045 2265 fuisse
2090 2205 2375 2264 mundum
2420 2205 2703 2264 invenies.
2764 2207 2881 2267 Ne·

642 2313 755 2370 que
801 2293 977 2352 aliter
1021 2293 1084 2351 in
1129 2293 1462 2352 Britannia.
1554 2292 1829 2353 Eundem
1888 2295 2045 2352 enim
2104 2295 2379 2352 fortunae
2442 2294 2667 2353 exitum
2722 2295 2883 2369 tulit,

643 2403 818 2462 quem
862 2383 1084 2442 multae
1129 2383 1282 2442 aliae
1327 2383 1563 2461 imperii
1608 2382 1863 2442 Romani
1912 2383 2271 2463 provinciae.
2360 2383 2513 2444 Nam
2561 2384 2720 2442 bona
2766 2385 2885 2460 illa,

641 2493 819 2549 quam
867 2473 1145 2531 extremis
1190 2470 1426 2550 imperii
1469 2473 1729 2532 Romani
1774 2473 2020 2533 saeculis
2064 2472 2129 2531 in
2169 2472 2493 2531 Britannia
2535 2472 2886 2549 invenimus,

643 2562 924 2621 ecclesiae
958 2562 1224 2621 condicio
1255 2562 1448 2621 medio
1495 2563 1619 2621 fere
1665 2563 1897 2623 saeculo
1946 2560 2155 2639 quinto
2202 2562 2400 2622 subito
2448 2581 2733 2621 conversa
2782 2569 2919 2635 est„

643 2672 773 2709 cum
819 2649 1011 2727 Angli
1057 2650 1436 2727 Saxonesque
1482 2651 1703 2729 pagani
1748 2651 2128 2710 Britanniam
2184 2650 2571 2723 invasissent,
2634 2658 2697 2710 et
2752 2651 2889 2710 Bri-

643 2745 812 2798 tones
859 2739 935 2797 ab
980 2739 1053 2798 iis
1098 2740 1306 2815 rejecti
1350 2740 1571 2817 partim
1618 2739 2015 2798 occidentales
2046 2739 2399 2798 Britanniae
2438 2739 2661 2815 partim
2694 2747 2889 2800 trans-

645 2827 903 2886 marinas
951 2825 1184 2886 Galliae
1245 2827 1516 2905 regiones
1577 2834 1781 2905 petere
1838 2832 2191 2903 cogerentur
2235 2826 2471 2902 (Gildas
2516 2827 2652 2887 hist.
2699 2830 2736 2907 ξ
2786 2828 2890 2902 25,

643 2937 700 2994 p.
737 2916 863 2992 32).
956 2913 1138 2974 Anno
1185 2916 1365 2975 etiam
1414 2915 1541 2973 455
1591 2916 1845 2975 testibus
1892 2916 2204 2975 annalibus
2251 2915 2567 2975 Cambriae
2613 2917 2713 2992 (de
2760 2918 2889 2994 qui-

643 3005 754 3064 bus
802 3006 872 3063 cf.
920 3003 1150 3078 Scholl,
1212 3027 1269 3084 p.
1321 3006 1400 3063 37
1451 3007 1567 3082 sq.)
1620 3001 1849 3085 pascha
1906 3012 2325 3065 commutatum
2348 3003 2375 3039 ²
2420 3012 2503 3064 est
2546 3024 2682 3064 cum
2718 3026 2892 3087 papa

644 3089 844 3153 Leone
903 3091 1172 3176 episcopo
1232 3091 1464 3155 Romae
1512 3095 1617 3171 (H.
1664 3094 1783 3153 and
1829 3094 1917 3154 St.
1964 3093 2033 3151 II
2051 3139 2065 3167 ,
2133 3097 2161 3152 1
2216 3094 2487 3153 addenda
2533 3114 2591 3170 p.
2638 3094 2889 3172 XXII),

644 3183 747 3242 sed
792 3188 1013 3260 postea,
1061 3184 1175 3242 etsi
1220 3184 1760 3261 frequentissimum
1807 3184 2217 3243 commercium
2266 3203 2396 3241 cum
2431 3180 2629 3241 Gallia
2676 3184 2891 3243 saltem

644 3293 777 3331 cum
822 3270 1138 3331 Armorica
1186 3272 1308 3348 (cui
1351 3271 1526 3331 hodie
1571 3293 1785 3332 nomen
1832 3279 1924 3331 est
1968 3270 2293 3351 Bretaqne)
2340 3270 2691 3330 Britonibus
2738 3292 2890 3331 nun·

647 3381 824 3438 quam
886 3380 1004 3418 non
1049 3360 1168 3420 fuit
1227 3361 1326 3436 (cf.
1371 3361 1530 3419 infra
1583 3368 1646 3421 et
1690 3361 1971 3435 Warreu,
2032 3382 2091 3439 p.
2140 3359 2222 3417 58
2270 3362 2425 3435 sqq.)
2481 3359 2703 3417 nullam
2750 3360 2891 3420 Bri·

644 3456 813 3509 tones
861 3469 993 3507 cum
1054 3450 1265 3509 ceteris
1327 3450 1647 3509 occidentis
1706 3450 1882 3510 terris
1928 3451 2148 3507 nullam
2195 3468 2327 3507 cum
2371 3448 2660 3507 Romanis
2708 3451 2892 3509 socie-

644 3543 831 3597 tatem
875 3537 1152 3598 habuisse
1198 3538 1478 3598 videntur
1523 3539 1709 3599 donec
1755 3559 1908 3599 anno
1942 3539 2067 3596 597
2112 3536 2488 3614 Augustinus
2534 3536 2595 3594 in
2643 3537 2890 3598 Britan-

643 3626 804 3686 niam
849 3626 1030 3685 venit.

647 3854 776 3891 cum
833 3835 958 3889 aliis
1017 3854 1421 3906 comparemus.
1498 3836 1649 3891 Satis
1706 3835 1779 3889 sit
1835 3852 2323 3900 commemorasse,
2383 3834 2527 3888 illud
2582 3834 2895 3899 „hominem

639 3908 893 3977 factum“
947 3912 1006 3961 et
1050 3908 1253 3972 illud,
1259 3926 1314 3973 ,a
1359 3926 1460 3976 quo
1497 3911 1578 3961 est
1624 3923 1776 3961 omne
1821 3906 2203 3974 principium“
2254 3905 2495 3973 denique
2551 3876 2699 3959 iiiud
2755 3924 2895 3976 „per

644 3980 828 4048 ipsum
857 3978 1198 4049 (Christum)
1219 3979 1378 4047 facta
1402 3982 1534 4033 eunt
1565 3976 1801 4033 insibilia
1838 3978 1919 4047 [et
1942 3976 2318 4059 invisibilia]“
2343 3992 2457 4029 non
2481 3975 2591 4031 nisi
2614 3977 2677 4029 in
2700 3980 2893 4032 orien-

645 4050 854 4105 talibus
894 4050 1163 4117 symbolis
1203 4055 1263 4104 et
1298 4051 1449 4119 apud
1483 4050 1671 4118 ipsum
1710 4047 2008 4102 Irenaeum
2046 4047 2305 4102 inveniri.

826 4141 846 4171 ²
886 4139 1019 4193 Vim
1070 4158 1225 4193 suam
1279 4139 1489 4206 accipit
1537 4140 1679 4192 haec
1728 4154 1838 4191 vox
1886 4136 2318 4205 haudquaquam
2377 4151 2444 4187 ex
2500 4138 2897 4193 controversia

645 4212 887 4279 quadam
923 4211 994 4264 de
1033 4215 1289 4279 tempore
1329 4210 1462 4262 festi
1501 4208 1783 4277 paschalis
1822 4209 1920 4261 sed
1957 4209 2115 4272 inde,
2174 4207 2326 4275 quod
2373 4211 2609 4275 propter
2658 4224 2893 4291 compu-

640 4230 1229 4408 {agdilrtlliili'iicultatem
1254 4281 1445 4335 variae
1472 4282 1680 4348 passim
1719 4280 1778 4333 in
1814 4280 2055 4334 ecclesia
2093 4278 2357 4331 universa
2395 4282 2557 4332 erant
2594 4278 2895 4347 opiniones
