3167 4900
28 2513 66 3354 .7''''*-——-⁷*‘——

1224 230 1666 287 ...89ss

506 406 649 485 Ipse
692 406 971 467 Alfi-idus
1024 422 1155 481 rex,
1204 406 1471 465 wilfridi
1522 407 1820 477 inimicus,
1883 406 2174 465 nescimus
2236 423 2352 483 quo
2391 424 2568 465 anno

327 494 551 573 (Skenc
594 494 691 569 ΙΙ,
736 516 797 573 p.
851 497 1006 555 1712
1054 496 1210 568 6883
1272 495 1376 553 alii
1424 496 1599 574 703),
1646 494 2003 555 Adamnano
2065 494 2269 555 abbati
2329 494 2566 555 Hiiensi

323 584 647 664 persuasit,
708 590 781 642 ut
840 585 1075 659 abjecto
1136 602 1243 644 suo
1302 585 1642 643 celebrandi
1699 584 1839 644 festi
1882 583 2178 662 paschalis
2222 602 2384 643 more
2431 602 2565 642 cum

322 672 613 733 Romanis
660 673 1005 732 societatem
1050 673 1233 733 iniret
1277 672 1471 749 (Beda
1516 674 1573 731 h.
1621 692 1670 731 e.
1719 674 1776 746 5,
1829 672 1930 744 15,
1976 674 2011 750 ἓ
2059 672 2232 747 402).

499 760 781 821 Monente
826 780 969 821 vero
999 761 1358 821 Adamnano
1404 762 1664 839 plurima
1707 781 1849 840 pars
1889 760 2202 821 Scotorum
2247 760 2311 817 in
2341 756 2562 819 Hiber-

321 850 421 909 nia
466 850 922 928 septentrionali
967 847 1069 931 (de
1100 850 1463 909 australibus
1493 850 1612 910 vid.
1643 867 1826 927 supra
1854 868 1912 928 p.
1948 850 2058 925 71)
2100 846 2564 908 ecclesiasticum

320 940 617 1018 paschalis
660 940 1073 999 observantiae
1118 945 1357 1017 tempus
1398 938 1661 1017 suscepit
1691 938 1883 1014 (Beda
1913 938 1970 995 h.
2001 958 2052 997 e.
2087 938 2142 1010 5,
2181 938 2278 1010 15,
2319 938 2354 1014 ἓ
2387 937 2564 1013 402),

321 1028 533 1092 deinde
593 1047 751 1086 anno
810 1029 939 1085 710
1000 1028 1301 1087 consecuti
1358 1033 1501 1087 sunt
1556 1026 1718 1086 Picti
1779 1027 1860 1103 (h.
1921 1048 1972 1085 e.
2025 1028 2088 1099 5,
2147 1028 2249 1099 21,
2303 1028 2338 1104 g
2387 1024 2561 1101 427),

322 1116 579 1194 denique
624 1133 781 1175 anno
814 1118 942 1175 716
992 1118 1089 1193 (cf.
1136 1116 1218 1174 H.
1264 1115 1384 1175 and
1428 1114 1519 1176 St.
1550 1116 1638 1190 II,
1677 1118 1731 1189 1,
1778 1137 1837 1194 p.
1874 1115 2000 1174 115
2046 1121 2168 1173 not.
2200 1117 2260 1191 a)
2306 1114 2562 1174 maxima

322 1224 461 1284 pars
505 1205 927 1264 monachorum
973 1204 1339 1278 Hiiensium‚
1396 1224 1649 1282 quorum
1695 1204 1846 1263 nulli
1890 1204 2005 1262 nisi
2049 1203 2334 1282 perpauci
2377 1202 2560 1263 schis-

320 1300 479 1353 mate
540 1299 675 1353 orto
733 1294 797 1351 in
854 1294 987 1372 ipso
1046 1292 1405 1353 monasterio
1467 1292 1688 1369 (Skene
1733 1293 1819 1366 II,
1881 1314 1939 1371 p.
1993 1291 2146 1369 175)
2197 1295 2321 1367 jam
2383 1298 2562 1351 antea

319 1380 742 1441 Adamnanum
799 1384 1079 1441 abbatem
1134 1379 1321 1441 secuti
1376 1388 1549 1441 erant
1605 1381 1800 1459 (Beda
1843 1382 1900 1440 h.
1945 1402 1995 1440 e.
2045 1380 2103 1453 5,
2153 1382 2254 1453 22,
2301 1382 2336 1458 ἓ
2385 1379 2560 1455 445).

497 1470 713 1548 Itaque
746 1471 1181 1549 quinquaginta
1212 1471 1383 1530 annis
1412 1478 1551 1549 post
1579 1472 1870 1547 synodum
1901 1469 2559 1529 Strenaeshalchensem

318 1564 447 1617 tota
478 1558 797 1617 Britannia.
828 1566 891 1619 et
919 1558 1187 1621 Albania
1218 1566 1279 1619 et
1311 1557 1608 1619 Hibernia
1639 1560 1900 1635 exceptis
1930 1558 2248 1619 Britonum
2289 1556 2560 1636 plurimis

319 1648 460 1723 (vid.
486 1666 667 1725 supra
688 1667 747 1724 p.
774 1648 892 1725 28)
924 1668 1057 1707 cum
1084 1648 1375 1707 Romanis
1398 1648 1461 1706 in
1483 1646 1662 1706 unius
1693 1646 1972 1706 ecclesiae
1997 1645 2322 1705 catholicae
2346 1664 2560 1722 corpus

320 1736 753 1813 quodammodo
800 1733 1157 1809 coaluerunt,
1208 1770 1285 1781 --
1318 1736 1424 1812 qui
1464 1736 1902 1795 controversiae
1942 1740 2190 1793 eventus
2235 1735 2392 1793 solus
2431 1736 2558 1807 jam

317 1824 487 1883 testis
520 1832 627 1897 est,
674 1825 949 1885 eeclesias
977 1825 1381 1884 Romanorum
1414 1830 1477 1884 et
1506 1824 1824 1883 Scotorum
1855 1823 1972 1883 nisi
1999 1821 2381 1881 observantia
2420 1819 2557 1881 festi

316 1912 611 1991 paschalis
656 1920 717 1971 et
762 1918 1009 1975 tonsura
1054 1920 1115 1973 et
1158 1914 1295 1972 aliis
1338 1913 1657 1972 levioribus
1703 1912 1968 1971 diversas
2013 1930 2133 1971 non
2177 1911 2378 1969 fuisse.

495 2001 705 2078 Neque
750 2002 930 2061 ullius
976 2002 1053 2060 ad
1098 2008 1363 2061 nostram
1416 2022 1540 2059 rem
1588 2001 1872 2060 momenti
1917 2005 2032 2073 est,
2083 2000 2242 2077 quod
2287 1998 2556 2058 nonnulli

314 2089 734 2149 monachorum
764 2090 1101 2149 Hiiensium
1134 2090 1314 2149 etiam
1344 2096 1489 2149 tunc
1526 2090 1874 2149 concordiae
1919 2089 2008 2147 ita
2052 2094 2558 2166 repugnaverunt,

314 2182 385 2237 ut
434 2196 595 2237 anno
643 2180 771 2237 718
813 2176 1061 2259 familia
1106 2176 1175 2237 Ie
1218 2180 1257 2237 i.
1305 2198 1353 2237 e.
1410 2178 1702 2252 monachi,
1759 2178 1974 2255 quibus
2027 2198 2159 2237 cum
2206 2176 2556 2237 Hiiensibus

315 2266 648 2327 arctissima
694 2273 829 2327 erat
856 2268 1239 2341 consuetud0‚
1286 2266 1427 2344 quia
1456 2288 1664 2346 pacem
1693 2268 2058 2345 respuebant
2102 2274 2266 2326 tram
2311 2265 2557 2325 dorsum

313 2350 671 2415 Britanniae
713 2356 753 2413 i.
808 2376 856 2415 e.
915 2376 989 2415 ex
1046 2376 1231 2433 regno
1295 2375 1400 2414 suo
1462 2357 1908 2434 expellerentur
1967 2376 2004 2414 a
2057 2356 2350 2428 NectanO,
2413 2371 2554 2429 rege
2629 2404 2638 2411 .

311 2440 649 2518 Pictorum,
712 2452 772 2504 et
832 2452 903 2506 ut
964 2444 1041 2504 ad
1110 2444 1515 2523 accipiendam
1587 2451 1892 2504 tonsuram
1961 2463 2212 2504 coronae
2285 2440 2556 2502 nonnulli

310 2533 657 2594 Hiiensium'
698 2569 788 2580 —
830 2533 1122 2612 siquidem
1168 2533 1315 2592 fides
1361 2533 1636 2592 habenda
1687 2541 1780 2593 est
1831 2533 2258 2610 posterioribus
2304 2531 2552 2608 scripto-

311 2620 479 2682 ribus
524 2624 747 2698 (annal.
803 2621 1047 2700 Tigern.
1093 2623 1173 2680 H.
1228 2621 1348 2680 and
1392 2619 1483 2680 St.
1531 2621 1626 2695 H,
1681 2623 1736 2694 1,
1783 2643 1840 2699 p.
1895 2622 2046 2694 114,
2103 2622 2174 2680 cf.
2223 2619 2420 2680 Skene
2465 2617 2554 2689 II,

311 2729 369 2788 p.
418 2711 500 2768 27
508 2711 548 2768 8
608 2712 729 2790 sq.)
790 2743 878 2756 --—
936 2711 1257 2772 videantur
1314 2731 1439 2769 esse
1514 2711 1575 2771 vi
1635 2707 1838 2771 coacti.
1939 2710 2160 2770 Mirum
2219 2709 2376 2768 enim
2435 2727 2554 2766 non

314 2801 431 2872 est,
495 2799 654 2876 quod
712 2797 993 2867 Hiienses
1052 2801 1459 2860 Romanorum
1518 2799 1775 2858 studiosi
1832 2819 1952 2858 11011
2008 2805 2206 2872 erant,
2266 2818 2404 2857 nam
2449 2797 2556 2856 ubi

313 2889 649 2965 augebatur
676 2887 1085 2948 Romanorum
1116 2887 1458 2962 auctoritas,
1489 2888 1712 2948 ibidem
1743 2889 2106 2948 labefactata
2137 2895 2318 2964 atque
2362 2889 2556 2945 fracta

315 2983 407 3036 est
436 2975 793 3036 Hiiensium.
857 2975 1083 3037 Tamen
1130 2977 1193 3034 in
1236 2975 1538 3036 nonnullis
1577 2977 1908 3036 Hiberniae
1955 2976 2330 3036 monasteriis
2375 2974 2556 3033 etiam

312 3073 524 3142 postea
546 3085 657 3144 per
678 3084 865 3124 annos
888 3067 1011 3124 fere
1050 3065 1174 3123 150
1206 3064 1612 3143 principatum
1645 3064 1940 3143 quendam
1971 3065 2273 3137 tenebant,
2299 3063 2404 3123 sed
2435 3081 2556 3122 non

317 3154 515 3227 telem,
563 3155 799 3230 qua-lem
844 3160 1025 3214 antea
1071 3154 1177 3230 (H.
1208 3153 1328 3212 and
1360 3151 1449 3212 St.
1481 3153 1568 3226 ΙΙ,
1609 3155 1662 3226 1,
1694 3175 1753 3230 p.
1791 3153 2194 3229 116-118);
2239 3151 2435 3212 Skene
2466 3149 2555 3224 ΙΙ,

309 3261 369 3319 p.
388 3243 469 3300 27
477 3244 517 3301 8
536 3246 709 3319 sqq.),
734 3247 796 3301 et
812 3243 915 3307 vix
930 3261 1079 3320 opus
1102 3247 1194 3302 est
1214 3258 1689 3316 commemorare,
1714 3241 1876 3319 quod
1897 3241 2056 3302 inter
2077 3261 2280 3301 omnes
2303 3247 2555 3313 constat,

312 3331 551 3390 omnino
581 3331 988 3390 Romanorum
1019 3331 1082 3390 in
1112 3330 1409 3390 Hibernia
1440 3337 1501 3390 et
1530 3330 1796 3390 Albania
1826 3330 2227 3408 principatum
2259 3349 2446 3406 usque
2477 3329 2556 3388 ad

312 3419 533 3480 saeculi
580 3419 913 3479 duodecimi
957 3427 1230 3498 tempora
1274 3419 1339 3478 vi
1392 3425 1574 3496 atque
1631 3417 1893 3478 efficacia
1948 3439 2232 3498 persaepe
2278 3418 2555 3478 caruisse.

492 3507 611 3567 Sed
658 3527 789 3566 cum
834 3529 1029 3567 meum
1088 3529 1214 3568 esse
1268 3527 1390 3568 non
1444 3508 1782 3587 putaverim
1837 3508 1996 3568 ultra
2049 3527 2270 3566 annum
2318 3507 2558 3567 circiter

320 3597 355 3653 7
366 3595 440 3654 31
493 3596 803 3656 historiam
850 3598 1151 3675 prosequi,
1195 3615 1513 3676 pergamus
1559 3597 1636 3656 ad
1677 3617 1772 3670 ea,
1819 3616 1970 3674 quae
2012 3603 2261 3656 restant.
2322 3596 2556 3674 Itaque,

312 3689 384 3744 ut
440 3686 793 3763 expleantur
848 3691 909 3744 et
964 3685 1411 3758 confirmentur,
1470 3705 1622 3763 quae
1669 3706 1850 3765 supra
1895 3686 2354 3764 disputavimus,
2403 3684 2558 3744 sicut

312 3773 685 3851 propositum
738 3779 844 3848 est,

314 3999 401 4067 de
446 3997 683 4068 Sectis
729 4001 1125 4068 Hiberniae
1169 4001 1245 4067 in
1293 4001 1735 4068 continentis
1767 3967 1995 4068 terris
2025 4000 2552 4083 peregrinanti-

402 4091 575 4170 buS,
633 4088 717 4156 de
758 4089 1103 4157 Columba
1144 4089 1583 4156 Luxoviensi
1632 4089 1708 4154 et
1752 4087 1838 4155 de
1885 4086 2039 4172 ejus
2087 4088 2466 4171 discipulis

317 4215 575 4294 denique
622 4216 793 4274 nobis
826 4215 1228 4276 disserendum
1260 4220 1367 4276 est.
1426 4216 1582 4276 Nam
1615 4237 1746 4276 cum
1784 4215 2230 4295 peregrinantes
2263 4238 2294 4276 e
2324 4216 2556 4293 patriae

316 4323 457 4364 suae
503 4304 568 4362 in
616 4305 895 4365 extremis
948 4304 1111 4364 orbis
1166 4311 1463 4364 terrarum
1516 4304 1736 4366 finibus
1787 4305 2018 4384 positae
2073 4303 2444 4364 umbraculis
2491 4305 2557 4366 in
