3167 4900
1163 241 1641 299 ·--27-

302 427 466 481 terea
513 419 799 478 diuturna
838 418 1066 495 jejunia
1113 417 1615 478 consecrationem
1646 419 1923 480 videntur
1954 418 2339 498 praecessisse
2372 419 2540 496 (ibid.

300 532 359 588 p.
395 508 521 585 75).
599 508 1013 566 Eucharistiae
1060 514 1256 568 autem
1305 508 1687 566 celebrandae
1732 509 1886 568 ritus
1918 509 2076 585 apud
2104 508 2384 569 Britones
2416 530 2539 570 eos-

301 600 434 657 dem
479 597 676 670 fuisse,
725 597 828 674 qui
873 596 1034 676 apud
1065 595 1270 656 Gallos
1315 601 1486 655 erant
1529 631 1609 642 ——
1642 597 1818 656 facile
1864 597 2194 656 affirmatur
2238 598 2341 658 sed
2385 598 2539 658 diffi-

301 686 471 746 cilius
517 707 708 764 neque
755 686 882 744 sine
922 686 1284 746 verbositate
1331 686 1663 746 accuratius
1696 687 2004 765 explanari
2033 691 2249 765 potest.
2326 687 2542 764 Itaque

302 777 378 836 ad
423 775 726 834 Warrenii
769 775 989 834 librum
1038 777 1119 852 (p.
1169 774 1252 832 75
1301 777 1456 852 sqq.)
1502 776 1753 834 lectores
1802 776 2024 852 delego,

479 865 648 924 Haec
693 870 858 936 sunt,
921 884 1072 940 quae
1119 864 1192 922 de
1239 863 1447 940 priscis
1491 863 1609 922 illis
1655 865 1943 937 moribus,
2002 864 2217 942 quibus
2261 864 2541 926 Britones

301 953 578 1013 abdicare
623 955 931 1026 nolebant,
994 953 1166 1013 nobis
1211 959 1356 1011 nota
1401 957 1555 1010 sunt.
1644 953 1947 1026 ProfectO,
2009 954 2363 1032 praesertim
2408 973 2540 1014 cum

301 1043 677 1119 Augustinus
723 1042 920 1101 omnia
974 1047 1212 1119 praeter
1269 1042 1764 1119 computationem
1815 1043 1952 1102 festi
1996 1043 2290 1122 paschalis
2336 1049 2396 1102 et
2441 1063 2537 1121 pe-

305 1131 585 1190 culiarem
645 1130 992 1208 baptizandi
1038 1151 1260 1190 morem
1306 1151 1368 1188 se
1417 1132 1806 1190 toleraturum
1854 1152 1979 1190 esse
2025 1131 2327 1209 pollicitus
2372 1137 2541 1205 esset,

301 1222 516 1279 idonea
561 1241 678 1281 non
725 1220 992 1293 fuissent,
1040 1240 1191 1296 quae
1237 1224 1466 1278 tantam
1513 1227 1572 1278 et
1604 1226 1728 1278 tam
1760 1220 2050 1281 diutinam
2082 1221 2544 1280 controversiam

302 1311 460 1370 inter
491 1309 772 1368 Britones
819 1316 880 1368 et
912 1311 1143 1386 Anglos
1189 1309 1506 1390 concirent,
1553 1309 1670 1368 nisi
1716 1309 2055 1370 accessisset
2100 1309 2543 1374 acerbissimum

301 1398 619 1458 Britonum
665 1399 728 1457 in
760 1397 1022 1457 Saxones
1071 1397 1295 1470 odium3
1341 1399 1609 1475 profecto
1657 1398 1905 1458 celerius
1952 1398 2194 1458 ecclesia
2226 1397 2543 1458 Britonum

305 1494 364 1546 et
409 1479 655 1546 ecclesia
685 1485 1220 1564 Anglo-Saxonum
1266 1487 1327 1545 in
1374 1507 1550 1544 unum
1604 1507 1817 1566 corpus
1863 1486 2234 1561 coaluissent,
2280 1487 2397 1548 nisi
2425 1507 2545 1546 una

301 1593 461 1652 gens¹
511 1577 586 1634 ab
647 1577 836 1635 altera
896 1576 1106 1652 gentili
1167 1576 1301 1634 odio
1347 1577 1558 1635 fuisset
1605 1579 1887 1651 sejuncta.
1979 1576 2160 1637 Nulla
2206 1576 2361 1634 enim
2408 1575 2543 1636 Bri·

283 1665 544 1724 -tonibus
577 1685 708 1722 cum
732 1664 1296 1740 Anglo-Saxonibus
1329 1671 1458 1723 erat
1489 1665 1870 1724 consuetudo,
1916 1664 2105 1722 Immo
2138 1672 2343 1724 tantae
2376 1670 2546 1724 erant

303 1755 459 1813 inter
477 1761 789 1830 utramque
808 1760 1047 1830 gentem
1063 1757 1307 1831 ejusque
1324 1753 1598 1812 ecclesias
1616 1753 1977 1826 inimicitiae,
1997 1760 2067 1812 ut
2076 1754 2355 1812 Britones
2351 1753 2545 1837 fidem

301 1840 747 1945 reliqionemque
777 1839 1112 1922 Anylorum
1142 1862 1265 1922 pro
1309 1839 1488 1901 nihilo
1527 1839 1799 1902 habere-nt
1827 1861 2007 1923 neque
2037 1840 2100 1900 in
2128 1839 2327 1922 aliquo
2357 1841 2545 1922 mayis

299 1931 371 1991 iis
413 1929 900 1991 communicarent
931 1951 1110 2012 quam
1137 1930 1394 2013 payanis
1425 1930 1617 2006 (Beda
1649 1931 1706 1990 h.
1740 1951 1787 1988 e.
1822 1932 1879 2005 2,
1914 1932 1996 1988 20
2034 1931 2069 2008 ξ
2109 1930 2277 2008 147),
2308 1937 2377 1990 ut
2408 1951 2455 1988 e.
2488 1951 2545 2006 g.

301 2017 690 2080 Demetarum
734 2019 1054 2080 sacerdotes
1099 2040 1202 2080 nec
1231 2018 1297 2078 in
1324 2017 1557 2080 ecclesia
1588 2040 1721 2080 cum
1752 2016 1963 2100 Anylis
1996 2018 2329 2080 orationum
2358 2017 2547 2120 officia

301 2107 590 2170 celebrare
649 2128 750 2168 nec
810 2109 895 2170 acl
953 2129 1214 2168 mensam
1276 2107 1539 2168 ciborum
1581 2107 1819 2191 fercula
1863 2125 1987 2188 pro
2044 2107 2299 2168 caritatis
2350 2107 2547 2190 qratia

291 2197 523 2280 pariter
558 2196 861 2280 percipere
905 2196 1302 2278 diqnarentur,
1349 2197 1492 2279 quin
1535 2197 1695 2258 inmo
1718 2195 2067 2280 fraymenta
2096 2195 2469 2279 ferculorum
2497 2205 2548 2256 et

301 2285 583 2368 reliquias
629 2284 938 2368 epularum
987 2284 1294 2346 lurconum
1325 2306 1537 2346 canum
1565 2284 1803 2345 rictibus
1835 2294 1886 2345 et
1914 2285 2234 2346 immundis
2266 2287 2545 2348 devoran-

303 2376 414 2436 das
461 2374 668 2457 porcis
715 2372 1100 2457 projicerent,
1159 2373 1396 2436 vascula
1457 2395 1678 2457 quoque
1724 2384 1776 2434 et
1799 2372 1987 2460 fialas
2035 2418 2048 2435 .
2092 2419 2105 2433 .
2148 2419 2161 2432 .
2204 2420 2215 2433 .
2265 2373 2547 2436 cineribus

303 2465 602 2546 expianda
644 2464 1086 2545 puryanclaque
1118 2462 1528 2545 praeciperent
1539 2484 1560 2535 ,·
1620 2472 1672 2524 et
1716 2464 1769 2523 si
1810 2462 2042 2547 quilibet
2088 2464 2159 2525 de
2205 2461 2421 2544 Anylis
2466 2464 2549 2523 ad

303 2575 396 2615 eos
442 2552 748 2615 habitandi
789 2574 967 2613 causa
1000 2551 1422 2632 peweoeissem,
1477 2573 1595 2613 non
1625 2552 1803 2633 prius
1849 2552 1933 2613 ad
1978 2552 2329 2613 consortium
2372 2552 2543 2613 soda-

303 2642 478 2705 litatis
511 2663 648 2703 suae
678 2640 996 2703 adsciscere
1027 2641 1424 2724 diynarentur,
1469 2662 1651 2723 quam
1679 2639 2073 2723 quadrayinta
2103 2641 2331 2701 dierum
2354 2640 2549 2721 spatia

302 2734 366 2795 in
383 2731 736 2813 poenitendo
755 2752 1046 2813 perayere
1077 2728 1550 2812 compellerentur
1581 2730 1913 2808 (Aldhelmi
1946 2752 2035 2811 ep.
2070 2732 2161 2790 ad.
2197 2730 2335 2790 Ger.
2367 2732 2413 2793 J
2414 2732 2545 2805 affe,

305 2822 596 2882 Biblioth.
643 2843 756 2881 rer.
805 2820 1006 2880 Germ.
1052 2821 1157 2880 ΙΙΙ
1203 2843 1292 2899 ep.
1347 2823 1375 2879 1
1428 2843 1485 2899 p.
1536 2822 1621 2879 28
1670 2828 1732 2881 et
1781 2823 1907 2899 29).

485 2911 614 2970 Soli
658 2911 1154 2989 septentrionales
1199 2910 1504 2985 Britones,
1550 2910 1657 2989 qui
1702 2910 1961 2970 Romani
2007 2910 2359 2969 dicebantur
2404 2909 2548 2986 (vid.

304 3002 484 3078 supra
533 3022 588 3076 p.
645 3000 748 3077 13)
811 3000 1002 3059 minus
1067 2999 1266 3059 infesti
1332 3005 1503 3058 erant
1549 2998 1783 3077 Anglis.
1877 2999 2069 3057 Iidem
2130 3019 2237 3076 per
2296 2998 2549 3073 triginta

305 3111 492 3149 annos
531 3089 1156 3165 Nordanhymbrorum
1194 3089 1527 3165 Anglorum
1574 3088 1824 3166 imperio
1872 3088 2123 3162 subjecti
2170 3093 2340 3147 erant
2388 3090 2547 3162 (ann.

308 3178 658 3237 657--685
707 3180 779 3236 cf.
811 3176 1007 3237 Skene
1055 3177 1104 3250 Ι,
1151 3198 1208 3255 p.
1245 3178 1400 3253 267)
1447 3183 1508 3235 et
1552 3197 1673 3235 una
1718 3196 1849 3235 cum
1880 3174 2097 3253 Anglis
2130 3175 2547 3247 Cudberctum,

304 3268 696 3327 clarissimum
758 3268 921 3325 illum
981 3263 1260 3325 abbatem
1325 3271 1384 3323 et
1443 3272 1653 3343 postea
1714 3265 2081 3344 episcopum,
2142 3264 2247 3341 qui
2307 3263 2547 3323 natione

305 3357 612 3417 Hibernus
660 3355 881 3432 (Skene
913 3355 999 3428 ΙΙ,
1045 3375 1100 3433 p.
1137 3354 1290 3431 205)
1337 3360 1538 3413 tamen
1568 3354 1974 3432 Romanorum
2020 3354 2281 3413 moribus
2328 3353 2549 3430 optime

307 3446 614 3524 cupiebat,
670 3448 794 3521 jam
856 3445 1056 3505 vivum
1117 3450 1386 3503 sanctum
1446 3464 1635 3521 paene
1694 3445 2136 3503 venerabantur
2196 3441 2416 3519 (Skene
2462 3442 2549 3516 ΙΙ,

304 3557 362 3613 p.
413 3536 540 3593 206
591 3536 761 3611 sqq.).
851 3533 1050 3606 Unde,
1098 3540 1168 3593 ut
1213 3534 1449 3613 opinor,
1509 3534 1731 3593 factum
1780 3538 1895 3606 est,
1956 3538 2027 3591 ut
2069 3532 2158 3606 hi,
2207 3536 2547 3609 quanquam

303 3645 460 3683 anno
511 3624 636 3681 685
685 3624 1020 3683 libertatem
1067 3628 1581 3700 recuperaverant,
1629 3628 1829 3681 tamen
1874 3622 2073 3700 paullo
2118 3627 2256 3701 post
2301 3628 2549 3681 mortem

303 3712 632 3771 Oudbercti
673 3712 741 3788 (†
775 3712 926 3789 687)
960 3712 1139 3790 primi
1181 3712 1442 3770 omnium
1468 3711 1784 3770 Britonum
1819 3711 2169 3770 admonente
2194 3710 2549 3769 Adamnano

302 3802 522 3861 abbate
587 3801 823 3859 Hiiensi
877 3800 1069 3876 (Beda
1121 3801 1176 3863 h.
1236 3822 1284 3859 e.
1334 3799 1390 3873 5,
1445 3799 1521 3858 15
1571 3802 1606 3879 g
1655 3800 1809 3877 402)
1866 3799 2270 3859 Romanorum
2330 3800 2553 3877 pascha

302 3892 462 3949 ultro
525 3890 860 3968 reciperent
923 3890 1202 3967 (quonam
1259 3910 1414 3948 anno
1459 3890 1570 3948 hoc
1616 3891 1839 3949 factum
1886 3890 1989 3962 sit,
2052 3890 2349 3967 discrepat
2394 3888 2553 3947 inter

304 3980 656 4057 scriptores:
713 3976 1082 4059 „probably“
1133 3979 1260 4037 704
1312 3979 1392 4037 H.
1441 3979 1556 4038 and
1606 3978 1693 4038 St.
1738 3978 1825 4051 ΙΙ,
1879 3980 1908 4035 1
1959 4000 2018 4056 p.
2068 3978 2105 4035 3
2156 3984 2215 4035 et
2264 3979 2336 4048 6;
2388 3976 2547 4035 688:

303 4068 500 4128 Skene
534 4068 620 4142 II,
666 4089 724 4145 p.
760 4069 884 4125 219
937 4068 1009 4125 cf.
1055 4068 1254 4143 infra).
1330 4067 1482 4126 Inde
1514 4066 1789 4127 Sedulius
1820 4065 2163 4145 „episcopus
2194 4062 2553 4125 Britanniae

303 4156 378 4216 de
427 4176 632 4239 yenere
679 4154 1050 4227 Scotorum“,
1111 4156 1213 4233 qui
1273 4177 1426 4215 anno
1487 4157 1609 4213 721
1674 4155 1919 4215 concilio
1975 4176 2010 4213 a
2056 4152 2348 4233 Gregorio
2394 4176 2551 4233 papa

304 4247 368 4305 in
413 4248 559 4305 urbe
593 4246 785 4305 Roma
829 4246 1036 4305 habito
1082 4245 1353 4303 interfuit
1401 4244 1504 4322 (H.
1553 4245 1671 4304 and
1702 4243 1793 4304 St.
1831 4244 1916 4318 Π,
1970 4245 1996 4301 1
2054 4266 2109 4322 p.
2144 4246 2227 4322 7),
2274 4264 2393 4301 non
2424 4245 2551 4304 sine
