3167 4900
1174 1249 1767 1354 Argumentum.

2410 1495 2591 1548 pagina

351 1570 766 1641 Prolegomona
857 1607 2229 1627 ................
2382 1569 2481 1621 1-
2554 1569 2591 1624 8

349 1659 502 1717 Pars
537 1661 754 1718 Prior.
788 1661 1107 1718 Britonum
1145 1661 1398 1718 ecelesia
1484 1699 1497 1714 .
1573 1697 1589 1714 .
1620 1663 1623 1666 ’
1668 1697 2228 1715 .......
2374 1659 2479 1714 8-
2518 1658 2587 1714 29

461 1749 595 1819 Cap.
693 1749 742 1803 Ι.
785 1749 874 1804 De
910 1750 1350 1820 primordiorum
1386 1753 1572 1803 aetate
1672 1789 1685 1803 .
1852 1787 1865 1802 .
1942 1787 1967 1802 .„
2032 1786 2045 1801 .
2123 1787 2136 1802 .
2214 1787 2227 1802 .
2374 1747 2479 1804 8—-
2521 1748 2588 1802 12

510 1878 543 1904 ,,
652 1837 738 1894 ΙΙ.
777 1837 867 1893 Do
905 1840 1151 1894 secunda
1188 1841 1377 1893 aetate
1415 1837 1755 1906 (450—597)
1855 1875 2231 1891 .....
2342 1839 2480 1892 12-
2521 1839 2591 1894 18

505 1965 538 1994 ,,
628 1926 744 1982 ΙΠ.
785 1927 874 1982 De
914 1928 1211 1983 Britonum
1247 1928 1308 1981 in
1345 1925 1536 1982 Gallia
1573 1931 1633 1980 et
1656 1923 1934 1996 Hispania
1977 1925 2235 1981 ecclesiis
2345 1926 2480 1982 18—
2518 1928 2591 1983 22

505 2055 537 2083 ,,
639 2015 744 2072 IV.
783 2015 871 2072 De
908 2019 1082 2072 tertia
1119 2020 1307 2072 aetate
1347 2015 1547 2086 (597-
1590 2032 1671 2070 ca.
1710 2014 1844 2086 800)
1939 2055 1952 2068 .
2030 2054 2045 2068 .
2120 2053 2134 2070 .
2210 2056 2223 2071 .
2335 2015 2475 2069 22-
2519 2016 2591 2074 29

353 2103 506 2161 Pars
539 2105 881 2176 posteriore
918 2105 1188 2163 Ecclesia
1222 2106 1856 2164 nimrim-Scotorum
1943 2144 1956 2160 .
2034 2143 2047 2159 .
2124 2143 2138 2158 .
2215 2145 2228 2158 .
2339 2105 2588 2161 29—114

461 2193 599 2263 Cap.
699 2193 746 2250 I.
785 2194 874 2249 De
909 2196 1236 2264 primordiis
1313 2233 2229 2252 ...........
2340 2195 2479 2250 30-
2519 2197 2590 2252 53

504 2321 538 2349 ,,
659 2282 740 2355 Π.
777 2282 866 2338 De
904 2285 1154 2340 secunda
1188 2289 1378 2339 aetate
1406 2322 2230 2341 ..........
2341 2285 2589 2340 53-114

565 2372 598 2443 ξ
639 2373 688 2428 1.
729 2371 820 2428 1)6
861 2373 1136 2428 Columba
1173 2373 1401 2428 Hiiensi
1495 2411 2229 2430 .........
2341 2373 2477 2428 53-
2519 2374 2589 2430 73
2674 2391 2679 2399 ·

562 2462 595 2534 ξ
632 2462 683 2519 2.
722 2461 813 2518 De
852 2456 1453 2532 Nordanhymbrorum
1493 2464 1735 2518 ecclesia
1764 2502 2229 2521 ......
2340 2464 2477 2520 73—
2516 2464 2599 2519 &a

565 2552 600 2623 ξ
639 2553 688 2607 3.
726 2550 817 2607 De
855 2552 1041 2607 Scotis
1078 2552 1597 2623 peregrinantibus,
1655 2552 1726 2605 de
1766 2550 2043 2607 Columba.
2076 2550 2265 2611 Luxo-
2294 2612 2299 2617 ,

731 2640 911 2696 viensi
951 2644 1010 2696 et
1046 2640 1118 2696 de
1155 2641 1274 2711 ejus
1313 2640 1607 2709 discipulis
1670 2680 2229 2700 .......
2337 2643 2587 2699 89-114

349 2728 648 2789 Conclusio
673 2768 2225 2787 ..................
2298 2734 2589 2828 114-120
