3167 4900
1188 220 1670 277 -119—

279 397 610 457 -Bonifatio
650 416 770 455 non
802 398 1009 456 obesse
1038 416 1159 455 non
1189 402 1485 473 poterant,
1530 396 1647 457 nisi
1678 398 1880 456 odium
1909 398 2058 457 illud
2088 398 2312 476 gentile
2343 398 2546 457 eodem

298 487 477 546 modo
538 486 883 561 abjecerant
942 490 1125 565 atque
1182 486 1253 559 ii,
1317 486 1422 563 qui
1480 486 1544 545 in
1604 486 1870 567 ipsorum
1933 486 2270 565 Anglorum
2329 486 2546 545 finibus

296 576 659 636 habitabant
690 576 789 650 (cf.
818 594 999 653 supra
1030 597 1089 654 p.
1116 574 1245 651 28).
1312 574 1467 633 Eam
1499 576 1575 633 ob
1608 596 1844 637 causam
1876 576 2054 635 etiam
2085 576 2150 635 in
2177 576 2546 647 Britonibus,

302 666 508 743 quales
554 663 777 741 singuli
822 668 1040 735 essent,
1084 664 1489 739 quaerendum
1534 671 1681 723 erat.

476 752 695 829 Itaque
728 772 879 825 cum,
924 759 1107 831 prout
1134 752 1354 829 singuli
1385 758 1573 824 erant,
1616 754 1900 813 Britones
1928 752 2238 813 Bonifatio
2266 753 2546 831 prodesse

294 842 468 902 Secti
499 843 703 901 obesse
734 841 1057 919 potuerint,
1106 840 1179 898 de
1208 840 1565 902 Britonibus
1597 846 1658 899 et
1689 840 1900 915 Scotis,
1931 843 1993 900 in
2027 860 2174 921 quos
2205 841 2546 901 Bonifatius

280 929 531 1003 incidit,
578 930 639 989 in
671 930 1013 989 universum
1044 928 1161 987 dici
1192 949 1309 991 non
1341 935 1559 1010 potest,
1607 928 1727 1002 sed,
1771 934 1938 1007 cujus
1969 931 2222 991 interest
2252 952 2326 989 ex
2355 950 2544 1009 aequo

293 1020 567 1096 judicare
610 1020 685 1077 de
730 1018 1057 1091 Bonifatio,
1102 1018 1175 1090 ei,
1222 1024 1513 1095 quantum
1558 1017 1692 1079 fieri
1729 1024 1943 1098 potest,
1989 1020 2398 1080 disserendum
2427 1020 2546 1079 erit

292 1108 373 1167 de
416 1106 719 1185 singulis.¹

300 1266 643 1327 recusasset,
694 1277 799 1329 pro
838 1262 1074 1316 Britone
1112 1261 1211 1332 (cf.
1256 1278 1425 1329 supra
1460 1278 1517 1331 p.
1558 1262 1654 1331 27)
1695 1278 1752 1316 se
1789 1264 2029 1333 gessisse
2067 1264 2376 1332 putabatur
2413 1263 2541 1331 (vit.

302 1332 468 1389 Corb.
496 1336 727 1387 auctore
752 1330 1009 1459 Asu-ibone
1034 1334 1253 1390 inedita
1278 1334 1350 1391 cf.
1378 1332 1626 1399 Riezler,
1655 1332 1998 1389 Geschichte
2019 1334 2256 1389 Baierns
2281 1332 2328 1400 Ι,
2359 1350 2412 1403 p.
2441 1334 2538 1388 101

296 1408 417 1459 not.
458 1406 507 1469 1,
547 1405 617 1460 cf.
699 1444 711 1457 .
753 1406 787 1459 9
858 1407 973 1458 not.
1016 1407 1045 1459 1
1079 1447 1091 1460 .

448 1476 470 1509 ¹
510 1422 809 1544 Optagerit
847 1406 1085 1530 fortass}
1124 1478 1406 1547 quispiam
1442 1479 1521 1541 ut,
1564 1492 1692 1530 cum
1730 1479 1954 1530 constet
1988 1476 2208 1545 saepius
2247 1492 2539 1545 apparere,

304 1547 456 1601 unde
492 1547 606 1600 sint
642 1547 917 1600 ccclesiae
954 1548 1247 1616 cujusdam
1284 1547 1622 1615 primordia,
1662 1563 1732 1600 ex
1769 1564 1964 1601 sacrae
1999 1549 2314 1615 scripturae
2353 1546 2544 1601 verbis

302 1617 363 1671 in
397 1616 665 1671 Latinum
701 1615 1018 1683 translatis,
1061 1620 1338 1673 rationem
1374 1618 1670 1675 habuerim
1709 1631 1904 1671 sacrae
1940 1618 2255 1686 scripturae
2289 1619 2545 1671 locorum

302 1706 337 1742 a
360 1688 655 1743 Britonum
692 1693 753 1742 et
779 1689 1079 1743 Scotorum
1116 1689 1491 1759 scriptoribus
1517 1688 1578 1741 in
1601 1688 1764 1743 libris
1792 1688 1904 1743 suis
1932 1690 2446 1757 transscriptorum‚
2475 1718 2542 1727 -—

302 1759 402 1813 sed
442 1760 512 1813 de
544 1759 829 1813 industria
866 1761 937 1814 de
974 1761 1081 1815 hac
1118 1776 1182 1815 re
1220 1761 1412 1815 dicere
1450 1759 1632 1824 omisi,
1674 1760 1808 1829 quia
1844 1776 2045 1829 parum
2081 1760 2227 1814 lucri
2262 1776 2296 1813 a
2338 1763 2546 1829 portat.

303 1829 450 1883 Nam
499 1846 714 1884 summa
760 1848 887 1886 cum
934 1832 1235 1900 diligentia
1272 1831 1588 1885 Haddanus
1625 1830 1732 1897 (H.
1772 1830 1885 1884 and
1923 1830 2006 1883 St.
2041 1828 2092 1897 I,
2139 1846 2194 1899 p.
2237 1831 2304 1884 17
2341 1842 2343 1845 ‘
2416 1828 2544 1897 198)

302 1918 493 1955 omnes
530 1902 845 1970 scripturae
882 1920 1075 1957 sacrae
1112 1904 1282 1969 locos,
1323 1903 1421 1973 qui
1457 1905 1518 1956 in
1556 1902 1802 1971 antiquis
1837 1902 2208 1970 scriptoribus
2234 1906 2296 1954 et
2319 1902 2380 1954 in
2405 1916 2545 1954 non-

298 1973 471 2027 nullis
519 1973 811 2027 codicibus
850 1974 1151 2028 Britonum
1200 1979 1260 2028 et
1298 1974 1600 2029 Scotorum
1647 1974 2039 2038 inveniuntur,
2091 1972 2442 2042 comparavit
2487 1977 2546 2025 et

298 2058 424 2098 cum
446 2043 702 2115 Vulgata
742 2048 799 2098 et
836 2062 965 2099 cum
1001 2047 1172 2099 variis
1197 2046 1382 2100 Italae
1422 2044 1715 2113 exemplis,
1753 2060 1937 2115 neque
1974 2044 2108 2099 inde
2145 2044 2390 2098 fructum
2415 2056 2540 2112 per-

300 2114 468 2183 cepit,
507 2116 618 2168 nisi
656 2116 807 2184 quod
846 2116 1154 2170 lectoribus
1180 2118 1462 2185 persuasit
1487 2116 1659 2171 fuisse
1683 2114 1869 2169 Italae
1895 2116 2216 2185 exemplum
2241 2114 2543 2169 Britonum

300 2188 360 2238 et
394 2184 695 2240 Scotorum
731 2187 1026 2255 proprium
1066 2188 1163 2255 (cf.
1203 2188 1240 2241 1.
1282 2204 1329 2241 c.
1370 2205 1425 2254 p.
1472 2188 1575 2243 170
1611 2192 1728 2241 not.
1770 2188 1847 2256 1).

437 2256 573 2311 Alio
598 2260 788 2311 autem
816 2258 891 2311 ad
913 2262 1224 2312 extremum
1252 2259 1613 2330 degredienti
1637 2259 1812 2314 liceat
1837 2256 1978 2311 mihi
1999 2258 2256 2312 conferre
2277 2256 2544 2326 antiquae

302 2324 600 2381 Scotorum
639 2328 912 2383 ecclesiae
947 2327 1245 2383 historiam
1284 2336 1344 2383 et
1382 2331 1569 2384 varias
1609 2332 1680 2384 de
1719 2348 1787 2384 ea
1821 2330 2073 2383 virorum
2099 2330 2394 2383 doctorum
2420 2342 2544 2381 sen-

297 2398 505 2452 tentias
554 2416 681 2453 cum
734 2398 975 2455 historia
1010 2401 1269 2468 picturae
1305 2401 1537 2456 minoris
1577 2401 1926 2456 Hibernicae
1965 2403 2024 2454 et
2061 2416 2189 2454 cum
2215 2399 2541 2466 sententiis,

304 2485 443 2537 quas
481 2471 553 2524 de
588 2470 690 2524 illa
728 2472 840 2524 viri
877 2471 1033 2525 docti
1070 2473 1339 2526 tulerunt.
2419 2505 2424 2510 -

440 2541 679 2595 Constat
734 2543 885 2595 enim
936 2543 1089 2595 inter
1138 2559 1329 2596 omnes
1380 2542 1478 2612 (cf.
1532 2543 1762 2608 Lubke,
1819 2541 2125 2596 Grundriss
2174 2542 2277 2596 der
2327 2539 2544 2595 Kunst-

302 2613 631 2681 geschichte
653 2612 701 2676 Ι,
731 2629 788 2680 p.
812 2613 941 2681 277)
970 2615 1191 2666 veteres
1218 2613 1443 2668 codices
1460 2613 1802 2668 Hibernicos
1829 2618 2134 2668 exornatos
2159 2630 2281 2667 esse
2305 2611 2543 2680 picturis

296 2683 610 2738 minoribus
650 2684 1042 2737 dissimillimis
1080 2683 1167 2750 iis,
1207 2701 1351 2753 quae
1391 2685 1529 2738 alibi
1564 2685 1948 2740 inveniuntur.
2027 2683 2172 2739 Nam
2207 2701 2324 2737 non
2361 2684 2544 2737 solum

298 2754 525 2808 litterae
562 2755 822 2825 grandes,
865 2754 1201 2822 „Initiales“
1238 2760 1303 2810 ut
1338 2758 1513 2826 ajunt,
1556 2761 1616 2811 et
1639 2757 1799 2812 varia
1825 2757 1924 2810 illa
1949 2762 2299 2821 ornamenta,
2341 2755 2544 2824 quibus

297 2825 521 2880 librarii
548 2830 609 2879 et
631 2826 759 2880 illas
788 2827 969 2881 veluti
995 2827 1163 2882 sertis
1188 2828 1563 2882 redimierunt
1584 2833 1642 2882 et
1661 2829 1886 2900 singula
1905 2828 2044 2882 folia
2063 2828 2540 2898 marginaverunt,

296 2897 739 3021 ἱὶᾞῖηξοῗὲῗ
766 2900 1115 3022 {Ziliaffia
1124 2901 1418 3039 {1³12}ssssss
1419 2905 1588 3026 ”lla
1609 2900 1755 3026 ⁸333
1755 2913 2092 3042 Ρὲἲὲῥιὲἓὲξ
2116 2899 2363 3022 ῗὲἳὲἱῖῗὲ
2389 2903 2541 3020 ῗίἶξίἶὲ

1413 3011 1425 3036 2

296 3043 517 3104 neat-ae,
557 3039 699 3092 adeo
738 3037 1148 3110 calligraphiae
1187 3042 1377 3108 potius
1416 3059 1586 3110 quam
1622 3043 1883 3110 picturae
1919 3040 2206 3108 specimen
2243 3037 2538 3106 praebent,

292 3113 363 3162 ut
386 3110 557 3163 solius
585 3111 947 3176 symmetriae
974 3111 1188 3179 regulis
1214 3113 1456 3166 vestium
1482 3114 1800 3182 plicaturae
1827 3111 2184 3175 conveniant,
2214 3109 2350 3178 quin
2369 3109 2543 3163 etiam

291 3184 362 3234 -ut
407 3185 595 3234 vestes
647 3196 1069 3250 nonnumquam
1115 3200 1429 3250 pannorum
1466 3184 1637 3237 modo
1677 3201 1917 3252 corpora
1952 3181 2281 3245 redimiant‚
2337 3183 2397 3233 et
2432 3179 2541 3233 sin-

300 3249 418 3319 guli
462 3252 556 3306 vel
608 3253 813 3321 capitis
860 3253 954 3306 vel
998 3252 1210 3306 barbae
1256 3254 1365 3322 pili
1411 3257 1620 3308 exeant
1655 3255 1715 3308 in
1751 3255 1898 3309 varii
1975 3253 2158 3308 eneris
2197 3251 2539 3313 curvamina,

300 3323 626 3377 convolvuli
662 3324 945 3392 pampinis
984 3324 1271 3378 simillima
1308 3325 1448 3394 (vid.
1476 3325 1571 3394 fig.
1601 3327 1707 3382 254
1745 3326 1895 3394 apud
1971 3325 2124 3380 iibke
2160 3324 2197 3376 l.
2227 3341 2274 3377 0.
2305 3339 2360 3392 p.
2390 3320 2539 3389 278).

438 3393 607 3448 Unde
652 3396 794 3449 haec
843 3395 1123 3449 mirabilis
1173 3397 1450 3466 pingendi
1488 3399 1580 3450 vel
1631 3398 1820 3466 potius
1858 3397 2146 3450 scribendi
2185 3394 2309 3450 ars?
2385 3391 2540 3446 Non·

302 3461 462 3542 nulli,
500 3468 564 3516 ut
600 3465 929 3521 Muenterus
970 3471 1029 3521 et
1065 3465 1165 3520 alii
1204 3468 1492 3532 eeclesiae,
1531 3467 1616 3521 ita
1654 3468 1824 3521 etiam
1863 3469 2008 3521 artis
2043 3465 2391 3520 Hibernicae
2429 3464 2538 3517 ori·

305 3547 493 3598 gmem
530 3535 600 3590 ab
628 3539 845 3590 oriente
872 3543 962 3606 (ac
992 3538 1218 3606 quidem
1246 3555 1315 3592 ex
1340 3538 1640 3610 Aegypto)
1665 3538 2030 3609 repetendam
2056 3555 2178 3592 esse
2203 3537 2558 3602 censuerunt·

301 3604 499 3670 (unum
535 3621 605 3658 ex
641 3607 835 3659 multis
858 3609 1087 3663 nomino
1114 3609 1428 3674 Kellerum,
1468 3609 1660 3666 Bilder
1684 3610 1799 3664 und
1821 3608 2164 3679 Schriftzv‘ae'yc
2188 3609 2282 3663 der
2305 3605 2542 3661 irischen

302 3671 681 3743 Manu-scripte
716 3676 778 3728 in
803 3676 1224 3748 Mittheilunqen
1260 3682 1356 3734 der
1379 3680 1825 3750 antiquarischen
1851 3679 2208 3748 Gesellschaft
2227 3679 2291 3733 in
2317 3674 2538 3732 Zt‘ae'rich.

303 3747 352 3798 7.
393 3743 574 3798 Bamd.
634 3747 799 3801 1853.
848 3764 903 3813 p.
944 3747 1011 3800 61
1051 3764 1191 3817 sqq„
1230 3768 1287 3817 p.
1328 3751 1441 3818 74),
1482 3751 1598 3816 alii,
1641 3755 1704 3805 ut
1739 3752 2030 3806 Ebrardus
2069 3752 2366 3806 ecclesiam
2405 3749 2538 3802 Sco-

300 3819 487 3868 torum
532 3817 754 3869 tantum
802 3817 888 3870 sui
938 3817 1177 3871 similem
1224 3821 1400 3874 fuisse
1440 3821 1706 3889 opinatus
1745 3825 1854 3887 est,
1904 3824 1986 3876 ita
2025 3822 2225 3876 Scotos
2265 3818 2538 3888 exemplis

300 3885 399 4010 ad1²
415 3886 751 4010 intitandum
796 3904 912 3941 non
957 3890 1267 3958 propositis
1315 3892 1662 3960 peculiarem
1699 3910 1856 3948 suam
1905 3898 2087 3948 artem
2133 3892 2241 3946 sibi
2277 3889 2537 3962 genuisse

295 3973 371 4024 pu
400 3974 471 4010 an
503 3998 515 4010 .

440 4027 605 4111 Quod
631 4034 946 4099 utrumque,
988 4030 1039 4086 si
1063 4047 1262 4087 verum
1289 4038 1453 4100 esset,
1493 4053 1623 4089 cum
1647 4035 1733 4100 iis,
1775 4053 1918 4105 quae
1945 4055 2008 4090 su
2051 4053 2114 4088 ra
2138 4033 2210 4088 de
2236 4033 2537 4088 Scotorum

302 4099 537 4153 ecclesia
574 4099 841 4168 diximus,
881 4102 1031 4161 male
1069 4111 1425 4174 congrueret.
1500 4105 1590 4160 Eo
1624 4107 1842 4176 majore
1877 4124 1988 4177 gau
2034 4106 2085 4160 ‘o
2124 4107 2355 4161 affectus
2394 4123 2534 4170 sum,

300 4185 423 4222 cum
470 4173 834 4240 cognoverim
871 4172 1184 4228 Antonium
1222 4175 1620 4246 Springerum‚
1668 4177 1854 4233 virum
1901 4195 2029 4232 mea
2071 4179 2240 4233 laude
2278 4177 2536 4231 doctrina

298 4257 395 4293 sua
437 4243 736 4312 majorem,
788 4245 846 4298 in
895 4245 1008 4299 alia
1058 4247 1128 4299 de
1168 4245 1470 4302 Scotorum
1516 4253 1642 4304 arte
1686 4250 1966 4305 sententia
2005 4267 2152 4316 esse,
2203 4267 2268 4303 ac
2307 4247 2536 4317 quidem

300 4313 416 4376 tali,
446 4330 589 4380 quae
614 4332 741 4369 cum
766 4319 962 4372 nostra
986 4317 1057 4370 de
1081 4316 1381 4372 Scotorum
1408 4321 1654 4375 ecclesia
1677 4321 1962 4376 sententia
1980 4321 2220 4376 maxime
2243 4322 2534 4390 congruat.
