3167 4900
1526 252 1966 310 *58—

634 433 768 492 iniit
785 471 806 506 2
871 438 1070 491 tamen
1131 433 1452 491 absurdum
1515 438 1606 491 est
1674 430 1829 490 hanc
1889 430 2081 509 ipsam
2142 431 2219 490 ob
2280 451 2513 490 causam
2575 430 2749 491 fidem
2814 430 2871 490 ei

632 525 938 599 abrogare.
1029 523 1252 582 Narrat
1297 527 1494 581 autem
1540 522 1700 581 inter
1744 521 1862 579 alia
1924 520 2113 578 multa
2173 519 2291 579 tria
2349 519 2657 596 miracula,
2718 541 2871 598 quae

632 612 982 672 Columbam
1015 610 1265 670 edidisse
1295 611 1497 683 refert,
1527 630 1659 668 cum
1692 607 1925 690 juvenis
1968 608 2248 668 diaconus
2291 608 2355 668 in
2386 605 2673 670 Hibernia
2702 609 2872 689 apud

633 698 1042 761 Findbarrum
1071 708 1335 759 sanctum
1374 697 1714 778 episcopum
1744 706 2131 758 commaneret
2160 698 2291 774 (vit.
2324 697 2450 756 col.
2482 700 2535 771 1,
2563 700 2599 756 2
2626 720 2683 777 p.
2716 701 2869 772 1993

635 793 690 864 2,
727 789 809 850 59
842 812 900 868 p.
933 789 1091 862 218;
1145 791 1202 861 2,
1237 789 1314 846 41
1352 810 1410 867 p.
1447 789 1621 865 214).
1703 789 1901 847 Erant
1956 807 2097 864 ergo
2160 787 2392 846 diaconi
2436 787 2595 867 apud
2643 786 2869 860 Scotos,

633 889 692 938 et
738 899 853 955 quo
901 899 1142 937 munere
1187 878 1380 937 functi
1426 877 1545 936 sint
1593 898 1667 935 ne
1713 877 1905 937 dicam
1954 877 2276 936 Columbae
2324 881 2483 936 certe
2526 875 2870 936 Adamnani

629 967 1021 1045 temporibus,
1077 969 1232 1026 forte
1285 967 1526 1026 fortuna
1581 966 1757 1026 docet
1808 985 1929 1024 una
1992 986 2063 1022 ex
2123 965 2317 1024 tribus
2361 965 2481 1024 illis
2524 963 2871 1026 Adamnani

631 1056 1117 1128 narratiunculis,
1191 1056 1412 1134 quippe
1467 1055 1531 1112 in
1595 1075 1713 1131 qua
1771 1054 2155 1113 inveniantur
2212 1055 2448 1114 haecce:
2508 1053 2593 1115 ad
2635 1053 2869 1138 fontem

629 1153 860 1226 3umpto
905 1143 1106 1225 peryit
1150 1144 1326 1222 (Col.)
1372 1163 1572 1215 urceo,
1634 1153 1698 1204 ut
1755 1142 1840 1203 ad
1896 1160 2099 1202 sacrae
2158 1140 2537 1204 eucharistiae
2590 1144 2870 1224 mysteria

629 1253 845 1315 aquam
903 1232 1078 1316 quasi
1134 1233 1413 1294 diaconus
1457 1232 1783 1315 fontanam
1841 1229 2129 1303 hauriret,
2190 1231 2314 1312 ipse
2372 1231 2585 1313 quippe
2644 1231 2763 1294 illis
2806 1233 2871 1294 in

630 1321 830 1384 dicbus
892 1332 1017 1384 erat
1075 1321 1136 1383 in
1199 1322 1541 1382 diaconatus
1598 1321 1797 1403 yradu
1854 1319 2275 1382 administrans
2322 1324 2415 1399 (2,
2461 1323 2540 1380 41
2590 1345 2649 1402 p.
2693 1324 2867 1401 214).

632 1412 863 1487 Quibus
909 1413 1104 1472 verbis
1152 1413 1295 1491 quid
1327 1411 1580 1472 clarius?
1643 1412 2047 1471 Diaconorum
2076 1411 2257 1470 fuisse
2288 1410 2351 1469 in
2397 1411 2869 1478 administrando

631 1521 870 1560 munere
919 1500 1212 1580 episcopis
1257 1502 1333 1560 ad
1376 1521 1584 1561 manus
1632 1521 1757 1560 esse
1802 1519 1913 1580 pro
1961 1507 2121 1560 certo
2170 1506 2419 1560 constat.

808 1587 929 1648 Sed
977 1590 1123 1668 quid
1152 1591 1226 1649 de
1256 1589 1402 1669 ipsis
1433 1591 1742 1669 episcopis,
1790 1590 1934 1666 quid
1973 1590 2046 1648 de
2077 1590 2441 1669 presbyteris
2481 1590 2869 1667 judicandum

630 1680 760 1739 est?
807 1678 1215 1758 Reperiuntur
1259 1679 1415 1736 enim
1444 1685 1687 1756 praeter
1717 1679 1995 1738 diaconos
2042 1685 2104 1738 et
2147 1679 2209 1737 in
2257 1679 2571 1739 annalibus
2616 1684 2678 1737 et
2708 1682 2868 1759 apud

628 1770 854 1828 Bedam
902 1774 962 1828 et
1007 1770 1068 1826 in
1114 1768 1258 1829 vitis
1305 1765 1661 1826 Sanctorum
1709 1775 1769 1826 et
1821 1769 2303 1847 presbyterorum
2350 1775 2409 1828 et
2455 1768 2869 1847 episcoporum

629 1858 884 1918 nomina.
976 1857 1068 1917 At
1122 1858 1429 1937 episcopos
1488 1857 1624 1916 illos
1686 1857 1801 1916 nisi
1846 1857 2083 1915 nomine
2129 1857 2395 1916 diversos
2440 1878 2557 1916 non
2603 1857 2785 1917 fuisse
2831 1880 2869 1918 a

627 1947 991 2025 presbyteris
1051 1967 1425 2024 nequaquam
1484 1965 1636 2006 unus
1698 1946 2009 2005 Ebrardus
2066 1946 2148 2024 (p.
2188 1947 2310 2004 168
2344 1949 2499 2023 sqq.)
2560 1947 2871 2008 contendit

629 2036 771 2113 (vid.
821 2034 1016 2094 Skene
1047 2035 1136 2108 ΙΙ,
1167 2056 1226 2113 p.
1262 2036 1386 2112 93).
1455 2035 1626 2112 Ergo
1674 2055 1792 2094 non
1838 2036 1997 2093 solus
2048 2034 2287 2093 erravit.
2379 2034 2533 2094 Nam
2580 2037 2869 2098 erravisse

627 2145 759 2183 eum
819 2124 990 2183 testis
1051 2129 1142 2183 est
1194 2122 1601 2183 Adamnanus.
1692 2125 1916 2184 Narrat
1969 2122 2125 2180 enim
2184 2124 2268 2199 (l,
2310 2124 2391 2182 35
2434 2146 2494 2203 p.
2542 2125 2669 2182 210
2714 2128 2869 2203 sqq.)

627 2213 967 2291 episcopum
1012 2212 1306 2288 quendam
1353 2213 1425 2270 de
1470 2213 1958 2272 Momoniensium
2018 2212 2324 2290 provincia
2366 2212 2414 2271 J
2416 2233 2590 2271 onam
2635 2215 2867 2274 venisse

624 2302 828 2379 ibique
887 2301 1192 2360 humiliter
1253 2302 1665 2379 presbyterum
1724 2323 1784 2362 se
1846 2321 1971 2360 esse
2039 2303 2367 2379 professum
2428 2322 2551 2361 esse
2615 2307 2677 2360 et
2734 2304 2868 2364 aliis

625 2391 802 2451 rebus
850 2396 910 2450 et
955 2391 1073 2465 ita,
1119 2396 1190 2449 ut
1228 2391 1427 2466 jussus
1473 2411 1508 2449 a
1555 2387 1847 2451 Columba
1898 2385 2113 2452 Christi
2155 2410 2368 2471 corpus
2414 2409 2487 2459 ex,
2528 2409 2692 2452 more
2736 2411 2866 2453 con-

624 2480 791 2545 ficere
824 2479 1174 2539 Columbam
1221 2480 1555 2555 advocaret,
1602 2489 1665 2539 ut
1708 2477 1885 2540 simul
1929 2479 2099 2562 quasi
2142 2480 2260 2540 duo
2291 2479 2626 2560 presbyteri
2651 2476 2863 2541 Domi·

623 2568 820 2629 nicam
852 2588 1082 2649 panem
1119 2567 1483 2652 frangerent.
1576 2567 1697 2628 Sed
1742 2567 2107 2643 Columbam‚
2157 2590 2349 2646 quem,
2398 2570 2500 2646 qui
2549 2575 2704 2628 esset
2748 2571 2865 2644 ille,

623 2661 829 2735 fugere
875 2678 993 2716 non
1039 2659 1347 2736 potuisset,
1395 2678 1526 2716 cum
1573 2658 1651 2717 ad
1682 2658 1895 2717 altaria
1940 2658 2281 2717 accessisset
2323 2657 2608 2718 intuitum
2654 2660 2867 2719 faciem

626 2752 754 2823 ejus
815 2746 900 2807 sic
961 2768 1092 2805 eum
1151 2748 1554 2847 compellasse.
1618 2742 1941 2805 Benedicat
1985 2754 2036 2804 te
2100 2742 2381 2819 Christus,
2426 2745 2658 2828 fintem
2717 2744 2867 2808 hunc

625 2833 782 2897 solus
826 2833 1146 2916 episcqaali
1186 2834 1306 2895 ritu
1334 2834 1558 2917 franye
1604 2855 1855 2917 panem,·
1914 2854 2070 2894 nunc
2120 2834 2333 2895 scinms
2376 2834 2536 2916 quod
2580 2834 2658 2896 3i3
2718 2837 2865 2917 qm-

625 2944 835 3004 copus.-
895 2944 1076 3006 quare
1134 2922 1426 3006 huc-mque
1481 2933 1533 2985 tc
1594 2921 1879 2985 occultare
1939 2933 2179 2983 conatus
2225 2943 2308 2994 e3,
2364 2932 2427 2984 ut
2470 2922 2579 2984 tibi
2620 2945 2659 2983 a
2702 2924 2868 2986 nobis

625 3012 817 3075 debita
862 3032 978 3073 non
1022 3013 1365 3075 redderetur
1407 3012 1709 3075 veneratio.
1773 3014 1947 3074 Unde
1992 3033 2109 3072 non
2157 3014 2345 3072 solum
2392 3014 2662 3090 sequitur
2708 3016 2868 3094 apud

625 3104 836 3164 Scotos
883 3124 1118 3182 quoque
1179 3104 1360 3163 fuisse
1424 3104 1817 3183 episcopalem
1878 3102 2127 3179 gradum
2190 3122 2439 3178 eumque
2502 3104 2867 3182 superiorem

626 3192 1016 3274 presbyteris,
1077 3193 1182 3253 sed
1247 3193 1424 3251 etiam
1488 3198 1739 3270 apparet
1801 3192 2211 3269 episcoporum
2262 3192 2445 3250 fuisse
2490 3192 2869 3269 privilegium

627 3281 1045 3342 eucharistiam
1093 3283 1390 3341 celebrare
1435 3282 1558 3341 ritu
1604 3280 1933 3359 pontificali
1979 3280 2015 3340 i.
2050 3301 2098 3338 e.
2144 3301 2263 3339 non
2310 3281 2623 3341 assistente
2664 3282 2869 3341 altero.

625 3371 844 3430 Itidem
908 3390 981 3427 ex
1037 3371 1182 3444 alia,
1241 3372 1302 3429 in
1367 3390 1543 3447 quam
1602 3369 1855 3429 Skenius
1901 3369 1997 3446 (ΙΙ
2041 3391 2098 3446 p.
2149 3370 2259 3445 94)
2318 3370 2551 3428 demum
2608 3369 2869 3429 animum

628 3478 820 3518 meum
869 3459 1183 3527 convertit,
1231 3458 1572 3518 Adamnani
1618 3458 2065 3517 narratiuncula
2113 3460 2197 3534 (l,
2249 3460 2329 3516 29
2379 3483 2435 3540 Ρ.
2472 3460 2644 3536 208),
2693 3479 2870 3535 quam

627 3568 904 3606 enarrare
951 3550 1192 3625 longum
1240 3553 1346 3620 est,
1396 3547 1790 3624 colligendum
1824 3554 1913 3607 est
1946 3548 2353 3625 episcoporum
2395 3548 2575 3608 fuisse
2622 3547 2870 3607 solemni

626 3637 748 3695 ritu
795 3637 856 3694 in
904 3638 1276 3695 sacerdotum
1322 3656 1633 3694 numerum
1677 3635 1938 3713 recipere
1986 3637 2245 3696 clericos·

807 3726 974 3799 Quae
1023 3743 1153 3783 cum
1201 3725 1286 3784 ita
1335 3726 1470 3799 sint,
1518 3725 1700 3783 etiam
1732 3724 2032 3784 difficilior
2070 3727 2231 3785 facta
2263 3734 2356 3785 est
2389 3725 2676 3803 quaestio,
2727 3725 2872 3803 quid

625 3817 700 3875 de
747 3815 1238 3873 monasteriorum
1285 3833 1606 3891 eorumque
1640 3816 1925 3873 abbatum
1957 3815 2315 3873 auctoritate
2354 3814 2739 3891 judicandum
2771 3814 2866 3872 sit.

629 3905 748 3965 Sed
795 3905 872 3963 ad
919 3904 1257 3963 solvendam
1305 3924 1458 3975 eam,
1523 3904 1573 3961 si
1620 3903 1769 3963 solvi
1812 3909 2037 3981 potest,
2100 3910 2337 3979 praesto
2384 3902 2552 3962 adest
2613 3902 2871 3981 epistula

626 3995 744 4067 illa,
794 4014 970 4070 quam
1027 4012 1182 4051 anno
1249 3992 1375 4050 640
1429 3992 1475 4052 J
1476 3992 1738 4052 ohannes
1783 3992 1875 4050 IV
1921 4012 2076 4069 papa
2123 3991 2288 4068 genti
2336 3989 2646 4050 Scotorum
2708 3991 2871 4050 misit

627 4083 820 4185 (Beda
865 4082 922 4141 h.
957 4104 1004 4139 e.
1055 4083 1110 4155 2,
1165 4082 1242 4139 19
1294 4082 1328 4159 g
1381 4082 1505 4139 143
1554 4084 1667 4157 sq.)
1714 4079 2026 4158 inscripta:
2075 4076 2487 4139 Dilectissimis
2532 4088 2585 4140 ct
2628 4077 2867 4139 sanctis-

625 4170 788 4231 simis
842 4166 1146 4240 Tomiano,
1198 4164 1570 4242 Columbam,
1623 4164 1936 4240 Oromano,
1984 4164 2231 4227 Dinnao
2277 4175 2330 4227 et
2374 4163 2676 4228 Baithano
2721 4167 2868 4248 cpis-

626 4258 815 4339 copis,·
865 4257 1162 4319 Oromano
1208 4249 1607 4338 Ernianoque,
1655 4254 1996 4329 Lai3tran0,
2043 4253 2308 4318 Scellano
2357 4266 2407 4317 et
2440 4254 2662 4337 Seyeno
2696 4275 2870 4337 pres·

628 4347 867 4428 hyterii-35
917 4345 1154 4408 Sarano
1199 4344 1504 4427 ceterisque
1550 4344 1878 4407 doctoribus
1924 4366 2022 4406 3eu
2067 4343 2367 4406 abbatibus
2414 4340 2637 4407 Scottis.
2698 4346 2872 4405 Haec
