3167 4900
1513 243 1953 310 ...14...

615 451 674 510 p.
727 432 894 507 143),
955 427 1257 491 Davidum
1312 431 1747 490 Meneviensem
1810 433 1881 508 (†
1928 433 2075 489 601.
2137 429 2215 490 H.
2262 428 2383 490 and
2426 425 2514 490 St.
2577 452 2633 507 p.
2686 425 2856 506 144),

617 521 969 580 Dubricium
1015 520 1464 580 Landavensem
1513 521 1582 596 (†
1616 521 1743 577 612
1792 520 1871 577 H.
1918 521 2034 579 and
2081 518 2169 578 St.
2218 519 2269 592 I,
2312 541 2371 597 p.
2425 520 2595 596 146),
2641 519 2859 578 Kenti·

616 629 863 685 gernum
911 608 1367 669 Glascovensem
1415 610 1486 686 (†
1529 610 1675 666 612.
1721 608 1801 666 Η.
1834 609 1953 667 and
1984 608 2073 667 St.
2118 609 2206 681 II,
2245 611 2296 666 1.
2344 631 2402 687 p.
2451 609 2508 666 4.
2540 610 2613 666 cf.
2660 607 2857 667 Skene

616 696 701 768 II,
749 719 806 776 p.
859 699 1254 774 leo-198),
1298 696 1641 774 Asaphum,
1700 697 2059 773 Kentigerni
2104 698 2329 756 socium
2390 718 2459 756 ac
2503 697 2856 774 discipulum

617 787 721 861 (H.
769 787 887 844 and
933 785 1022 846 St.
1073 787 1122 858 Ι,
1167 808 1224 862 Ρ.
1276 785 1443 861 144),
1490 785 1562 842 de
1612 784 1827 861 quibus
1873 785 2145 845 omnibus
2190 787 2348 844 fama
2393 785 2707 864 permulta,
2754 804 2855 842 an-

615 876 779 934 nales
825 876 909 932 nil
967 875 1082 932 nisi
1138 875 1378 933 nomina
1433 874 1751 932 memoriae
1810 875 2231 952 prodiderunt,
2294 911 2379 920 —
2438 893 2669 932 necnon
2730 874 2857 950 ipse

620 961 830 1022 Gildas
876 966 952 1021 ab
999 964 1075 1022 iis
1121 963 1354 1022 veniam
1401 963 1558 1040 petit
1590 963 1705 1039 (ep.
1738 963 1773 1039 ξ
1808 963 1909 1034 65,
1940 985 1997 1039 Ρ.
2034 964 2160 1039 72),
2206 983 2457 1038 quorum
2504 963 2691 1022 vitam
2739 981 2859 1022 non

618 1053 806 1110 solum
840 1072 902 1110 se
935 1052 1176 1111 laudare
1208 1051 1310 1110 sed
1357 1053 1535 1110 etiam
1567 1051 1797 1110 cunctis
1840 1051 2046 1109 mundi
2092 1051 2303 1129 opibus
2349 1053 2651 1129 praeferre
2696 1051 2857 1109 affir-

614 1147 740 1199 mat
787 1141 884 1215 (cf.
931 1161 1022 1219 ep.
1069 1142 1104 1218 ξ
1154 1142 1254 1211 69,
1301 1161 1358 1216 Ρ.
1410 1143 1535 1212 76),
1598 1141 1793 1216 ipsum
1854 1141 2107 1216 denique
2154 1138 2395 1199 Gildam
2452 1140 2673 1218 scripta
2726 1143 2858 1214 ejus

616 1231 1005 1307 comprobant-
1049 1229 1228 1288 fuisse
1273 1229 1468 1288 virum
1515 1243 1741 1286 summa
1786 1229 2175 1288 admiratione
2222 1229 2465 1306 dignum
2484 1273 2498 1301 ,
2561 1227 2859 1288 eruditum

615 1338 724 1395 pro
770 1319 892 1377 suis
938 1319 1320 1394 temporibus,
1366 1317 1660 1392 insignem
1712 1317 1875 1376 vitae
1941 1317 2307 1394 integritate,
2354 1318 2665 1377 amabilem
2719 1337 2856 1393 pro-

615 1412 753 1483 pter
797 1427 1056 1465 amorem
1103 1427 1246 1482 erga
1290 1413 1526 1482 gentem
1575 1425 1758 1477 suam,
1806 1405 2027 1483 quippe
2074 1407 2180 1482 qui
2218 1409 2437 1465 fratres
2466 1407 2757 1464 amaverit
2788 1411 2859 1462 ut

620 1495 814 1552 Moses
861 1495 1076 1570 (Exod.
1111 1496 1211 1566 32,
1247 1495 1284 1551 3
1334 1496 1404 1554 cf.
1453 1515 1542 1571 ep.
1592 1494 1763 1571 ξ69,
1809 1513 1867 1570 Ρ.
1905 1496 2013 1570 78)
2060 1495 2239 1554 immo
2285 1515 2473 1572 paene
2518 1502 2588 1553 ut
2630 1494 2857 1552 Paulus

615 1585 918 1659 apostolus
965 1583 1162 1659 (Rom.
1209 1585 1264 1653 9,
1301 1582 1338 1640 3
1388 1583 1460 1640 cf.
1506 1603 1599 1658 ep.
1647 1584 1681 1659 ἓ
1732 1582 1831 1656 64,
1879 1603 1936 1660 Ρ.
1987 1586 2113 1658 71).
2203 1584 2601 1645 Nihilominus
2648 1603 2719 1640 ex
2762 1582 2855 1653 iis,

617 1691 768 1748 quae
830 1669 1040 1730 Gildas
1089 1667 1281 1753 flebili
1337 1689 1631 1742 se‘mwne,
1692 1677 1761 1730 ut
1806 1671 1893 1730 ait
1936 1671 2105 1732 Beda
2166 1674 2245 1748 (h.
2294 1693 2341 1730 e.
2398 1675 2449 1743 1,
2494 1673 2597 1744 22,
2640 1673 2676 1748 ξ
2728 1669 2855 1747 50),

615 1767 856 1819 enarrat
885 1761 1159 1837 cognosci
1197 1765 1396 1837 potest
1426 1759 1747 1818 Britonum
1791 1760 2097 1820 ecclesiam
2142 1763 2303 1820 illius
2348 1761 2563 1820 aetatis
2610 1760 2853 1818 eandem

615 1849 820 1922 fuisse,
885 1870 1036 1925 quae
1082 1855 1258 1908 antea
1305 1854 1434 1906 erat
1477 1849 1540 1906 in
1586 1849 1929 1922 Britannia,
1990 1850 2239 1909 eandem
2284 1851 2389 1908 sed
2434 1855 2853 1918 senescentem,

615 1946 1009 1997 senescentem
1081 1939 1286 1996 eodem
1360 1937 1534 1996 modo
1603 1945 1783 2014 atque
1850 1938 1913 1996 in
1974 1939 2245 1998 omnibus
2304 1938 2563 1996 Romani
2620 1937 2855 2014 imperii

613 2027 934 2102 provinciis
996 2032 1230 2086 constat
1281 2025 1542 2085 senuisse
1598 2046 1729 2084 cum
1784 2026 2032 2104 imperio
2098 2027 2399 2100 ecclesias,
2462 2059 2547 2072 -—-
2610 2026 2855 2084 eandem

615 2135 734 2172 non
782 2135 994 2174 novam
1039 2117 1134 2174 vel
1180 2121 1542 2174 renovatam.
1638 2114 1812 2187 Quod
1858 2105 1988 2174 cum
2036 2123 2235 2192 neget,
2291 2116 2469 2174 immo
2515 2135 2646 2174 cum
2692 2113 2855 2172 dicat

615 2204 918 2262 ecclesiam
971 2203 1287 2262 Britonum
1342 2202 1556 2261 Gildae
1615 2204 1983 2280 temporibus
2036 2204 2123 2262 ita
2180 2205 2473 2276 floruisse,
2541 2209 2611 2262 ut
2660 2203 2855 2262 facere

615 2313 733 2350 non
777 2293 1083 2370 possimne,
1132 2292 1276 2368 quin
1317 2297 1693 2350 externorum
1740 2312 1851 2368 ope
1898 2313 2062 2351 sacra
2110 2293 2173 2350 in
2211 2292 2529 2351 Britannia
2574 2291 2857 2350 restituta

617 2401 740 2440 esse
785 2387 1077 2459 putemus,
1125 2381 1453 2440 Schoellius
1499 2383 1582 2459 (p.
1618 2381 1727 2456 20)
1774 2400 1811 2438 a
1856 2401 1996 2440 vero
2044 2382 2252 2442 saitem
2298 2403 2335 2439 a
2382 2386 2543 2440 certo
2590 2381 2851 2458 paullum

618 2472 924 2531 aberrasse
970 2472 1114 2530 mihi
1159 2471 1410 2531 videtur.

793 2561 1016 2637 Negari
1046 2546 1187 2619 vero
1234 2580 1352 2617 non
1397 2563 1598 2636 potest
1642 2558 1947 2619 ecclesiam
1992 2559 2150 2618 illius
2180 2559 2411 2632 aetatis,
2447 2593 2527 2605 -
2562 2563 2853 2634 quantum

616 2670 688 2705 ex
719 2648 933 2705 Gildae
979 2648 1218 2724 scriptis
1261 2647 1402 2707 licet
1447 2667 1799 2723 cognoscere
1832 2682 1916 2693 --
1949 2654 2010 2706 et
2040 2669 2112 2705 ex
2144 2649 2364 2707 arianis
2409 2646 2855 2726 pelagianisque

615 2734 1164 2812 perturbationibus
1211 2742 1270 2793 et
1317 2755 1390 2793 ex
1437 2755 1531 2806 ea,
1581 2755 1733 2811 quae
1779 2736 2145 2794 invasionem
2192 2735 2491 2795 Saxonum
2537 2737 2855 2795 subsecuta

615 2829 762 2895 erat,
809 2822 1046 2881 miseria
1076 2843 1137 2881 se
1169 2822 1542 2881 recreavisse.
1604 2823 1758 2881 Nam
1790 2822 1939 2881 bene
1970 2824 2245 2883 ordinata
2274 2823 2605 2883 invenimus
2640 2824 2855 2881 omnia.

616 2911 964 2969 Invenimus
1011 2910 1354 2969 clericorum
1401 2930 1681 2985 magnum
1728 2930 2034 2969 numerum
2082 2915 2198 2989 (ep.
2231 2912 2265 2989 ἓ
2301 2914 2403 2985 66,
2434 2934 2491 2990 Ρ.
2528 2914 2655 2988 72),
2704 2911 2855 2988 epis·

617 3020 794 3077 copos
839 2999 1160 3058 honoribus
1205 3005 1266 3057 et
1311 2997 1540 3057 divitiis
1584 3005 1823 3057 ornatos
1870 3000 1974 3075 (ib.
2021 3001 2057 3077 ξ
2111 3000 2252 3072 108,
2299 3022 2357 3078 Ρ.
2396 3000 2568 3076 114),
2614 3018 2855 3057 munere

616 3088 1016 3165 apostolorum
1079 3087 1394 3165 praecipue
1454 3086 1659 3159 Petri,
1728 3084 2087 3147 clavicularii
2136 3085 2293 3147 illius
2346 3084 2633 3147 coelorum
2690 3085 2860 3165 reyni

614 3175 812 3237 idonei
856 3178 960 3253 (ib.
1007 3178 1041 3253 ξ
1092 3178 1191 3248 73,
1238 3198 1296 3253 p.
1346 3176 1456 3254 82)
1503 3181 1789 3251 tanquam
1835 3196 2196 3236 successores
2243 3180 2369 3253 ejus
2415 3179 2529 3253 (ep.
2580 3176 2730 3251 §66
2764 3194 2853 3249 sq.

614 3288 670 3343 p.
722 3268 802 3324 72
852 3267 1004 3341 sqq.)
1049 3266 1394 3340 fungentes,
1441 3264 1695 3341 synodos
1742 3273 2171 3342 congregantes
2218 3266 2315 3340 (cf.
2362 3265 2563 3339 infra),
2610 3264 2851 3339 presby-

616 3364 776 3413 teros
821 3356 937 3430 (ep.
985 3354 1020 3429 ἓ
1071 3354 1170 3424 69,
1218 3374 1274 3429 Ρ.
1326 3355 1452 3427 76),
1514 3374 1633 3411 non
1690 3353 1879 3411 solum
1934 3373 2229 3413 summum
2272 3353 2374 3411 sed
2418 3350 2719 3432 quemlihet
2764 3370 2848 3411 ec-

621 3438 999 3501 clesiasticum
1042 3440 1302 3519 yradum
1333 3444 1449 3518 (ep.
1483 3441 1518 3517 ξ
1555 3444 1637 3499 66
1664 3464 1721 3519 Ρ.
1761 3443 1868 3517 74)
1900 3462 1969 3499 ac
2016 3448 2207 3500 certos
2253 3442 2649 3517 definitosque
2694 3440 2849 3497 ordi-

617 3529 874 3588 nationis
905 3530 1056 3587 ritus
1090 3533 1206 3605 (ep.
1238 3530 1274 3607 g
1312 3531 1432 3587 106
1467 3550 1553 3605 sq.
1586 3552 1644 3607 p.
1685 3531 1756 3587 11
1777 3532 1804 3587 1
1842 3533 2029 3606 sqq.);
2069 3530 2399 3589 invenimus
2432 3535 2492 3588 et
2521 3528 2854 3600 monachos,

619 3624 888 3679 votorum
936 3617 1188 3677 vinculis
1235 3618 1550 3677 obstrictos
1600 3621 1714 3695 (ep.
1764 3619 1799 3694 ἓ
1852 3619 1951 3690 35,
1999 3640 2055 3695 p.
2105 3618 2215 3694 45)
2262 3639 2453 3695 neque
2512 3619 2855 3694 ignoramus

615 3726 886 3785 prorsuS,
950 3726 1240 3782 quaenam
1300 3706 1525 3765 fuerint
1583 3707 1687 3764 illa
1749 3712 1907 3764 vota.
1997 3707 2147 3765 Nam
2198 3726 2330 3765 cum
2376 3710 2664 3783 appareat
2717 3709 2857 3781 post

615 3795 884 3854 monachi
905 3848 914 3855 ,
932 3802 1132 3854 votum
1181 3795 1323 3872 quin
1371 3794 1550 3853 etiam
1599 3801 1741 3871 post
1798 3790 2071 3853 monachi
2112 3802 2307 3853 votum
2350 3792 2583 3853 imitum
2625 3788 2857 3851 illicitas

615 3884 794 3942 fuisse
841 3884 1080 3962 nuptias
1125 3885 1188 3958 (l.
1237 3886 1327 3959 c.),
1374 3903 1506 3940 cum
1555 3890 1829 3941 occurrat
1873 3883 2090 3941 femina
2136 3884 2453 3957 quaedam,
2510 3901 2663 3957 quae
2706 3898 2855 3957 per-

601 3961 852 4051 petuam
893 3972 999 4033 cleo
1052 3969 1346 4031 viduitatis
1400 3968 1805 4029 castimoniam
1856 3970 2213 4050 promiserat
2258 3973 2373 4047 (ep.
2420 3971 2454 4046 ἓ
2505 3971 2585 4027 32
2634 3991 2691 4046 Ρ.
2742 3968 2855 4043 41)

614 4062 676 4119 id
725 4061 963 4137 quidem
1009 4068 1234 4119 certum
1281 4065 1395 4132 est,
1445 4058 1603 4134 quod
1648 4058 1806 4116 inter
1849 4064 1990 4117 vota
2034 4058 2451 4117 monachorum
2500 4078 2617 4115 non
2664 4056 2857 4115 defuit

615 4156 835 4221 votum,
885 4148 1041 4225 quod
1087 4149 1311 4206 dictum
1357 4152 1446 4205 est
1489 4148 1655 4205 sinus
1699 4146 1737 4207 i.
1784 4168 1832 4205 e.
1878 4146 2261 4223 virginitatis,
2309 4145 2367 4204 in
2419 4166 2537 4221 qua
2581 4165 2855 4223 perman-

616 4238 758 4297 sisse
813 4238 861 4297 J
862 4236 1136 4295 eremiam
1197 4234 1548 4312 prophetam
1614 4234 1854 4308 Gildas,
1937 4255 2070 4293 cum
2131 4234 2396 4310 loquitur
2455 4234 2529 4291 de
2588 4233 2855 4293 «Ieremia

617 4326 733 4403 (ep.
765 4328 800 4403 ξ
833 4326 934 4397 80,
975 4345 1033 4400 Ρ.
1067 4324 1195 4397 89),
1225 4341 1681 4383 commemorare
1726 4343 1844 4383 non
1889 4322 2104 4383 omisit.
