3167 4900
1509 263 1946 320 ...54...

611 444 787 504 editis
833 444 917 502 nil
964 442 1134 503 verbi
1180 441 1422 515 addam,
1470 462 1609 500 nam
1656 462 1857 501 omnes
1902 463 2022 501 non
2070 442 2305 501 exclusa
2352 443 2654 517 Oumeani,
2702 463 2861 520 quae

611 539 885 613 putatur,
945 533 1074 591 vita
1136 529 1300 607 (Act.
1331 529 1440 590 SS.
1471 531 1628 590 Bou.
1658 531 1792 590 Juli
1828 533 1883 589 9.
1916 554 1974 610 p.
2013 531 2135 589 185
2168 534 2323 608 sqq.)
2380 533 2457 590 ab
2512 531 2858 591 Adamnani

556 675 560 678 .
611 623 766 682 libro
812 623 1110 700 profectas
1157 640 1282 678 esse
1327 619 1623 678 Schoellio
1679 621 2066 680 libentissime
2117 621 2388 679 concedo.
2479 620 2687 698 Neque
2734 642 2859 680 ma·

606 711 757 790 joris
804 709 1088 769 momenti
1133 714 1225 767 est
1267 708 1397 767 vita
1441 709 1548 766 illa
1592 709 1900 768 hibernico
1948 729 2213 768 sermone
2260 710 2621 787 conscripta,
2679 730 2861 787 quam

611 820 768 861 anno
806 801 972 858 1877
1023 797 1333 857 Stokesius
1379 794 1601 874 (Three
1642 796 1866 858 middle
1910 795 2056 857 ivish
2101 794 2364 858 humilies
2410 804 2518 858 etc.
2566 801 2641 858 cf.
2674 819 2859 878 supra

613 912 671 968 p.
714 890 794 949 33
818 935 832 962 ,
893 911 952 966 p.
1010 886 1343 963 90—125)
1406 892 1466 946 et
1525 887 1729 946 eodem
1790 908 1944 946 anno
2012 887 2283 964 pluribus
2352 888 2649 948 codicibus
2717 909 2861 948 usus

616 979 954 1055 Anglicane
999 995 1342 1035 conversam
1404 973 1660 1036 Skenius
1721 975 1831 1052 (II,
1878 996 2013 1054 app.
2059 999 2119 1054 p.
2169 978 2295 1034 467
2344 980 2499 1055 sqq.)
2544 978 2609 1035 in
2668 978 2859 1036 lucem

616 1067 952 1138 ediderunt3
1023 1085 1158 1123 nam
1221 1065 1454 1123 saeculo
1514 1064 1824 1123 undecimo
1884 1065 2187 1141 antiquior
2248 1085 2375 1126 esse
2444 1067 2655 1142 nequit
2716 1065 2859 1142 (vid.

616 1155 832 1216 Stokes
863 1177 922 1233 p.
955 1153 1165 1230 VIII).
1259 1153 1378 1213 Sed
1423 1154 1616 1232 ipsam
1662 1175 1787 1213 rem
1826 1156 1953 1229 jam
2000 1155 2430 1231 aggrediamur.

795 1244 1087 1303 Columba
1132 1242 1335 1320 igitur,
1382 1242 1685 1301 hibernico
1717 1242 1927 1301 Colum
1976 1249 2036 1302 et
2080 1250 2288 1321 postea
2321 1243 2665 1303 Columcille
2713 1244 2775 1319 (i.
2812 1265 2861 1302 e.

616 1335 907 1394 Columba
953 1332 1134 1390 cellae
1178 1333 1276 1390 vel
1323 1330 1619 1405 ecclesiae,
1652 1331 1965 1390 Windisch
2010 1331 2092 1390 Ir.
2136 1330 2323 1390 Texte
2374 1355 2431 1411 p.
2466 1334 2614 1405 871,
2660 1331 2861 1391 Skene

614 1423 700 1497 H,
732 1445 790 1502 p.
825 1423 934 1498 52)
968 1441 1122 1480 anno
1159 1421 1281 1478 521
1333 1421 1398 1478 in
1429 1420 1726 1480 Hibernia
1758 1427 1933 1480 natus
1966 1419 2188 1496 (Skene
2224 1421 2305 1494 Π,
2337 1443 2394 1500 p.
2428 1422 2556 1498 52),
2604 1420 2862 1496 Scotiae,

619 1532 793 1590 quam
841 1530 999 1568 nunc
1044 1509 1311 1582 dicimus,
1358 1510 1661 1588 apostolus
1708 1517 1799 1570 est
1838 1509 2149 1568 ‘habendus
2196 1511 2351 1568 sicut
2393 1510 2696 1570 Patricius
2742 1511 2859 1569 Hi·

616 1601 877 1660 berniae.
968 1599 1122 1659 Nam
1170 1598 1284 1657 etsi
1329 1605 1392 1656 et
1423 1597 1714 1657 Columba
1757 1600 1819 1657 in
1851 1598 2147 1657 Hibernia
2187 1619 2423 1676 quoque
2468 1620 2563 1658 res
2608 1619 2863 1658 comme-

615 1689 945 1749 moratione
991 1687 1204 1763 dignas
1249 1686 1436 1762 gessit
1490 1722 1560 1732 —-
1618 1687 1953 1747 construxit
1998 1688 2155 1745 enim
2202 1689 2623 1747 monasterium
2668 1688 2863 1746 Dear-

617 1779 943 1851 machense,
990 1776 1165 1835 hodie
1211 1776 1485 1848 Durrow,
1533 1777 1596 1834 in
1642 1777 1827 1835 Midia
1872 1775 2066 1851 (Beda
2112 1775 2169 1835 h.
2213 1797 2261 1834 e.
2305 1777 2365 1846 3,
2410 1777 2449 1834 4
2499 1779 2534 1855 ξ
2574 1777 2725 1853 159)
2776 1811 2863 1820 —-

616 1887 808 1945 neque
871 1885 1071 1924 omnes
1129 1865 1428 1924 Albaniae
1497 1865 1725 1924 incolae
1797 1865 1979 1930 etiam
2046 1870 2190 1922 tunc
2258 1866 2479 1942 pagani
2540 1872 2713 1924 erant
2774 1899 2866 1908 —

617 1959 860 2016 ineunte
907 1953 1061 2013 enim
1109 1955 1342 2012 saeculo
1389 1959 1556 2012 sexto
1604 1973 1639 2010 a
1671 1953 1865 2013 Scotis
1912 1952 2264 2026 christiania,
2313 1955 2416 2031 qui
2463 1976 2535 2011 ex
2566 1954 2867 2013 Hibernia

617 2045 1215 2121 transmigraverant,
1286 2040 1600 2100 Scotorum
1662 2041 2095 2101 Albanensium
2166 2063 2415 2119 regnum
2474 2043 2538 2100 in
2597 2043 2867 2101 Albania.

618 2133 1006 2193 constitutum
1068 2137 1198 2189 erat
1261 2130 1356 2207 (cf.
1391 2151 1570 2208 supra
1616 2153 1675 2208 p.
1710 2133 1820 2208 29)
1869 2167 1951 2176 —-
1970 2175 1984 2204 ,
2054 2136 2254 2190 tamen
2315 2151 2508 2208 neque
2570 2131 2867 2190 Columba

619 2231 742 2283 tam
799 2222 1017 2280 claram
1075 2220 1165 2279 sui
1220 2220 1558 2295 reliquisset
1604 2219 1945 2279 memoriam
2001 2240 2192 2296 neque
2254 2221 2399 2279 fides
2456 2221 2780 2279 christiana
2828 2241 2867 2278 a

620 2311 814 2372 Scotis
859 2311 923 2368 in
968 2307 1292 2368 Albaniam
1339 2308 1522 2367 allata
1567 2329 1687 2368 non
1733 2308 2029 2368 exstincta
2074 2315 2229 2368 esset
2276 2331 2313 2367 a
2356 2308 2565 2383 Pictis,
2611 2309 2864 2386 paganis

620 2408 682 2463 et
710 2399 984 2461 barbaris
1017 2398 1115 2475 (cf.
1149 2396 1344 2457 Skcne
1377 2396 1462 2471 II,
1496 2420 1552 2477 p.
1590 2398 1671 2456 78
1706 2399 1877 2474 sqq.),
1911 2397 2025 2456 nisi
2057 2397 2348 2457 Columba
2390 2397 2531 2457 inde
2578 2400 2653 2458 ab
2702 2419 2859 2458 anno

624 2491 750 2550 565
797 2489 889 2548 illi
931 2488 1051 2567 ipsi
1106 2488 1661 2566 septentrionalium
1707 2487 2017 2546 Pictorum
2064 2488 2229 2564 genti
2275 2488 2649 2564 evangelium
2696 2509 2869 2566 prae-

620 2581 890 2639 dicasset.
967 2577 1250 2636 Adducto
1297 2577 1453 2634 enim
1499 2577 1577 2635 ad
1621 2575 1797 2635 fidem
1844 2582 1905 2636 et
1948 2595 2087 2652 rege
2135 2582 2195 2635 et
2240 2578 2461 2655 populo
2508 2578 2871 2636 monasterio

621 2689 727 2729 suo
774 2667 1005 2725 duobus
1051 2666 1222 2724 annis
1267 2670 1405 2724 ante
1429 2665 1454 2701 1
1499 2666 1769 2742 proxime
1816 2663 2114 2723 Albaniae
2170 2686 2335 2723 oram
2396 2665 2460 2723 in
2520 2666 2714 2725 insula
2759 2666 2872 2723 Hii

620 2758 718 2816 vel
774 2755 937 2814 Jona
999 2754 1242 2828 (rectius
1299 2754 1460 2813 Jova
1503 2782 1587 2803 ==
1628 2754 1823 2812 insula
1880 2754 2002 2813 scil.
2049 2754 2188 2827 Hii,
2243 2754 2324 2811 H.
2371 2755 2490 2813 and
2537 2754 2623 2813 St.
2670 2754 2757 2826 II,
2813 2755 2872 2826 1,

624 2867 682 2923 p.
719 2844 844 2902 108
878 2849 1001 2901 not.
1040 2844 1103 2918 6)
1137 2850 1475 2901 constructo
1508 2848 1739 2901 tantam
1770 2843 2191 2902 auctoritatem
2224 2843 2599 2916 conciliavit,
2621 2847 2691 2901 ut
2721 2842 2873 2900 illud

621 2936 816 3014 ipsum
864 2931 1283 2990 monasterium
1329 2931 1578 2989 Hiiense
1636 2932 1855 2990 famam
1903 2930 2215 2990 conficeret
2261 2930 2587 2990 Columbae
2642 2938 2713 2989 ut
2756 2930 2871 2989 Al-

624 3023 838 3082 baniae
883 3022 1170 3099 apostolo,
1262 3021 1416 3081 Nam
1479 3040 1599 3078 non
1658 3021 1848 3079 solum
1908 3020 2045 3080 vivo
2094 3020 2384 3079 Columba
2442 3021 2872 3079 monasterium

623 3111 872 3171 Hiiense
917 3110 1318 3189 principatum
1365 3110 1609 3168 tenebat
1669 3110 1731 3167 in
1778 3109 2050 3169 omnibus
2104 3108 2494 3182 monasteriis,
2543 3129 2695 3185 quae
2727 3104 2870 3189 plu-

623 3198 780 3259 rima
825 3218 898 3259 em
941 3207 1182 3279 utroque
1224 3196 1593 3269 monasterio,
1639 3198 2103 3257 Dearmachensi
2148 3202 2210 3255 et
2248 3197 2501 3271 Hiiensi,
2538 3216 2653 3276 per
2698 3196 2871 3257 disci-

611 3286 793 3369 pulos
838 3284 960 3368 ejus
1005 3296 1056 3346 et
1100 3286 1163 3346 in
1193 3284 1517 3345 Britannia
1562 3296 1615 3346 et
1657 3286 1721 3346 in
1752 3283 2043 3346 Hibernia
2078 3294 2419 3367 prepayata
2464 3294 2630 3345 eram
2677 3286 2874 3362 (Beda

624 3379 682 3435 h.
717 3398 767 3435 e.
803 3378 860 3449 3,
894 3377 934 3433 4
966 3378 1000 3454 ξ
1041 3376 1208 3453 159),
1257 3375 1358 3433 sed
1393 3376 1572 3435 etiam
1604 3382 1813 3455 postea
1843 3396 1950 3453 per
1993 3376 2236 3451 longum
2283 3382 2515 3453 tempus
2561 3374 2623 3433 in
2654 3374 2875 3435 cunctis

619 3484 808 3545 paene
851 3460 1385 3543 septentrionalium
1417 3458 1744 3536 Scotorum,
1792 3463 2277 3523 Hiberniensium
2324 3468 2386 3521 et
2415 3462 2875 3537 Albanensium,

627 3562 680 3613 et
725 3551 986 3612 omnium
1039 3550 1344 3611 Pictorum
1361 3596 1378 3622 ,
1449 3553 2001 3631 septentrionalium
2057 3552 2317 3631 primum
2334 3596 2348 3625 ,
2418 3552 2633 3611 deinde
2692 3553 2873 3613 etiam

629 3641 995 3715 australium,
1044 3647 1105 3699 et
1135 3647 1345 3719 postea
1378 3642 1558 3700 etiam
1590 3644 1647 3702 N
1650 3641 2219 3717 ordanhymbrorum
2262 3640 2631 3702 monasteriis
2676 3660 2874 3701 arcem

627 3728 846 3791 tenebat
905 3728 1279 3812 reyendisque
1339 3749 1538 3789 eorum
1602 3726 1842 3810 populis
1911 3738 2187 3811 praeerat
2250 3730 2443 3806 (Beda
2496 3731 2551 3788 h.
2608 3751 2657 3788 e.
2718 3732 2775 3803 3,
2835 3732 2872 3787 3

806 3910 975 3967 Haec
1037 3907 1238 3966 Bedae
1300 3908 1372 3965 de
1417 3908 1686 3966 Hiiensis
1746 3907 2093 3966 monasterii
2147 3908 2502 3967 auctoritate
2550 3910 2735 3967 verba
2802 3928 2876 3965 ne

630 4034 808 4041 ...ὰ--

814 4086 834 4115 ¹
871 4083 1216 4152 Discrepant
1271 4082 1421 4135 inter
1477 4098 1535 4133 se
1590 4078 1956 4133 Adamnanus
2014 4081 2110 4149 qui
2165 4080 2495 4134 Columbam
2566 4098 2711 4135 anno
2770 4082 2875 4137 563

631 4155 862 4209 condito
901 4154 1244 4208 monasterio
1282 4151 1506 4205 Hiiensi
1543 4152 1602 4203 in
1628 4148 1821 4203 Pictos
1860 4151 2180 4219 profectum
2218 4168 2337 4203 esse
2376 4156 2571 4205 narrat
2608 4157 2667 4205 et
2692 4152 2871 4221 Beda,

631 4228 727 4295 qui
766 4226 944 4280 refert
979 4225 1312 4281 Columbam
1353 4235 1498 4274 anno
1538 4222 1641 4276 565
1680 4239 1713 4274 a
1751 4221 1929 4275 Pictis
1966 4222 2113 4274 dono
2154 4221 2437 4288 accepisse
2476 4222 2719 4276 insulam
2748 4222 2872 4287 Hii,

633 4303 697 4348 ut
730 4298 1134 4351 monasterium
1174 4296 1543 4348 construeret.
1622 4292 1818 4345 Skenii
1867 4292 2201 4345 sententiam
2241 4291 2348 4359 (II,
2392 4311 2447 4360 p.
2478 4294 2581 4346 105
2618 4298 2737 4345 not.
2781 4292 2876 4362 38)

633 4371 856 4420 secutus
893 4384 1062 4436 supra
1097 4365 1344 4419 medium
1385 4363 1653 4431 quiddam
1691 4366 1886 4417 tenere
1922 4363 2125 4416 studui.
