3167 4900
1513 277 1955 341 -13-

965 460 1040 527 de
1087 460 1385 528 Britonum
1433 458 1490 525 in
1541 459 1731 525 Gallia
1776 459 1839 526 et
1884 457 2169 541 Hispania
2214 457 2499 525 ecelesiis

615 552 958 614 disserenda
1015 552 1186 610 nobis
1241 556 1431 611 erunt.
1523 551 1870 623 Britonum,
1937 571 2068 608 cum
2130 571 2165 606 a
2226 546 2561 607 Saxonibus
2621 547 2859 606 sedibus

613 643 772 722 pulsi
841 647 1058 714 essent,
1129 641 1440 706 nonnullos
1513 640 1939 698 transmarinas
2006 638 2241 699 Galliae
2316 639 2586 714 regiones
2644 636 2857 713 petiise

615 753 794 810 supra
835 734 974 831 jam·
1009 735 1527 788 commemoratum
1575 735 1681 790 est.
1774 726 1893 787 Sed
1938 728 1999 785 hi
2046 727 2287 786 minime
2331 726 2510 804 primi
2540 726 2859 784 Britonum

617 820 914 879 domicilia
958 819 1020 877 in
1056 816 1257 876 Gallia
1289 818 1685 894 quaesierunt.
1746 817 1792 876 J
1794 837 1888 875 am
1936 817 2069 874 diu
2084 817 2239 874 enim
2286 815 2390 873 illa
2422 814 2655 873 Galliae
2700 835 2857 892 pars,

619 909 712 968 cui
742 909 916 968 hodie
948 927 1162 965 nomen
1192 912 1284 966 est
1328 902 1701 986 ‚,‘Bretaqrae‘
1747 912 1888 964 tunc
1924 904 2257 976 Armorica,
2305 925 2341 962 a
2372 903 2723 962 Britonibus
2766 903 2855 960 in·

616 998 950 1069 colebatur,
1022 995 1126 1073 qui
1191 995 1450 1073 expulsis
1495 994 1899 1054 Romanorum
1963 993 2251 1053 militibus
2308 1013 2463 1052 anno
2512 993 2639 1048 409
2675 1010 2853 1071 pecu-

616 1083 822 1146 liarem
881 1103 953 1145 ex
1012 1103 1122 1143 sua
1181 1082 1452 1143 effluentia
1512 1081 1797 1142 civitatem
1861 1083 2172 1158 (Zosimos.
2229 1083 2307 1142 H.
2354 1082 2473 1140 and
2520 1079 2608 1140 St.
2665 1080 2749 1152 ΙΙ,
2802 1082 2857 1153 1,

615 1196 676 1252 p.
712 1175 794 1231 72
844 1179 949 1231 not
978 1173 1044 1248 b)
1092 1173 1538 1231 constituerant.
1616 1172 1819 1248 Hujus
1872 1172 2044 1250 regni
2090 1171 2353 1250 episcopi
2399 1170 2596 1247 quinti
2640 1169 2859 1228 saeculi

615 1263 980 1340 temporibus
1027 1260 1361 1320 Turonensi
1415 1261 1861 1339 archiepiscopo
1917 1261 2171 1337 subjecti
2233 1266 2403 1319 erant
2448 1259 2554 1334 (H.
2603 1258 2721 1316 and
2766 1256 2857 1316 St.

615 1351 702 1425 II,
744 1353 796 1424 l,
829 1373 888 1429 p.
923 1349 1032 1424 91)
1081 1358 1141 1408 et
1187 1349 1428 1426 synodis
1471 1350 1532 1408 in
1567 1348 1771 1410 Gallia
1802 1350 2179 1427 congregatis
2224 1349 2625 1408 interfuerunt
2670 1349 2853 1422 (conc.

618 1439 837 1498 Turon.
886 1439 935 1511 I,
993 1438 1073 1495 H.
1131 1438 1248 1496 and
1305 1437 1392 1496 St.
1439 1438 1525 1511 H,
1590 1440 1641 1510 1,
1697 1459 1757 1516 p.
1818 1440 1917 1512 72,
1982 1459 2139 1497 anno
2201 1439 2363 1510 4613
2434 1456 2595 1496 conc.
2642 1435 2857 1496 Venet.

615 1549 750 1587 ann.
800 1526 926 1587 465
977 1527 1058 1584 ib.
1103 1549 1160 1604 p.
1211 1527 1321 1599 73;
1378 1547 1536 1585 conc.
1586 1527 1895 1586 Aurelian.
1943 1527 1995 1601 Ι,
2042 1548 2177 1586 ann.
2230 1524 2353 1586 511
2401 1525 2481 1584 ib.
2527 1547 2585 1604 p.
2636 1525 2737 1598 74,
2784 1525 2857 1582 cf.

615 1617 693 1675 ib.
739 1638 798 1694 p.
849 1618 928 1673 96
981 1621 1101 1674 not.
1148 1616 1230 1692 b).
1323 1614 1442 1674 Sed
1499 1616 1645 1674 haec
1702 1614 2019 1675 Britonum
2067 1637 2198 1675 cum
2246 1614 2437 1674 Gallis
2494 1613 2855 1676 consuetudo

615 1707 856 1764 ineunte
903 1705 1134 1762 saeculo
1182 1709 1348 1763 sexto
1395 1705 1705 1782 paullatim
1753 1704 2089 1764 intermissa
2135 1710 2243 1778 est,
2290 1710 2606 1782 postquam
2638 1701 2859 1760 Franci

615 1814 769 1852 anno
835 1793 960 1850 502
1024 1791 1399 1852 Armoricam
1461 1813 1601 1852 suae
1671 1793 1919 1853 dicionis
1982 1797 2252 1852 fecerunt
2316 1793 2420 1869 (H.
2468 1792 2585 1850 and
2630 1789 2722 1853 St.
2770 1790 2857 1864 H,

620 1884 674 1956 1,
721 1905 777 1960 p.
827 1877 911 1943 72
961 1889 1081 1940 not.
1131 1885 1204 1958 c).
1295 1883 1454 1944 Nam
1508 1901 1639 1940 cum
1686 1883 2005 1942 Britonum
2060 1883 2268 1955 duceS,
2326 1881 2431 1957 qui
2477 1901 2549 1938 ex
2594 1900 2663 1938 eo
2708 1885 2855 1938 tem-

615 1992 758 2048 pore
804 1971 1046 2047 regibus
1095 1977 1511 2043 successerant,
1559 1992 1595 2028 a
1643 1971 2006 2030 Francorum
2062 1971 2403 2049 principatu
2449 1989 2637 2047 paene
2681 1969 2858 2027 liberi

616 2066 809 2118 essent
855 2059 959 2135 (H.
1009 2059 1126 2118 and
1173 2058 1259 2119 St.
1307 2058 1392 2132 H,
1446 2062 1498 2132 1,
1545 2080 1603 2136 p.
1655 2061 1737 2116 72
1786 2066 1908 2119 not.
1942 2063 2015 2137 c),
2062 2062 2147 2118 nil
2194 2061 2497 2132 obstabat,
2544 2057 2859 2134 quominus

614 2148 896 2206 Britones
940 2149 1160 2208 iterato
1209 2148 1571 2206 advenarum
1620 2149 1693 2207 de
1738 2149 1939 2226 patria
1984 2149 2247 2218 adventu
2296 2147 2457 2207 aucti
2488 2147 2593 2223 (H.
2618 2145 2736 2206 and
2767 2145 2857 2206 St.

612 2237 698 2310 II,
752 2238 804 2310 1,
851 2257 906 2313 p.
958 2239 993 2294 7
1003 2239 1039 2294 2
1089 2242 1209 2294 not.
1249 2236 1315 2312 d)
1363 2236 1498 2295 odio
1546 2242 1755 2295 contra
1800 2237 2089 2311 Francos,
2155 2238 2423 2296 dominos
2468 2255 2633 2308 suos,
2703 2255 2855 2294 com·

612 2325 758 2383 moti
804 2325 952 2384 adeo
999 2324 1354 2398 solitariam,
1400 2331 1470 2384 ut
1514 2325 1601 2384 ita
1648 2325 1868 2400 dicam,
1918 2327 2104 2386 vitam
2147 2328 2347 2388 vivere
2394 2325 2741 2401 inciperent,
2786 2330 2857 2383 ut

613 2413 876 2492 episcopi
951 2434 1152 2473 eorum
1223 2412 1283 2470 in
1361 2413 1603 2491 synodis
1668 2412 1978 2475 Gallorum
2042 2419 2137 2477 vel
2212 2415 2415 2495 potius
2488 2413 2854 2473 Francorum

614 2505 864 2582 posthac
896 2504 995 2562 vix
1027 2508 1360 2580 appareant
1391 2505 1488 2579 (cf.
1520 2503 1602 2563 H.
1636 2505 1753 2564 and
1786 2503 1873 2564 St.
1906 2504 1992 2579 ΙΙ,
2031 2507 2085 2579 l,
2128 2528 2185 2583 p.
2221 2507 2298 2563 91
2337 2510 2397 2563 et
2426 2523 2485 2579 p.
2520 2504 2601 2559 96
2636 2507 2759 2560 not.
2788 2503 2855 2577 b)

613 2599 675 2651 et
728 2612 804 2649 ne
863 2591 1242 2669 synodalibus
1299 2592 1536 2667 quidem
1596 2593 2021 2653 minationibus
2076 2594 2324 2669 (Turon.
2378 2592 2465 2664 H,
2522 2611 2657 2649 ann.
2708 2591 2854 2662 567,

611 2681 692 2738 H.
725 2680 844 2737 and
874 2678 964 2739 St.
998 2680 1085 2752 II,
1123 2681 1175 2751 l,
1208 2701 1268 2757 p.
1305 2683 1414 2756 77)
1461 2680 1781 2740 videantur
1823 2683 2087 2760 potuisse
2134 2680 2505 2753 commoveri,
2551 2685 2621 2738 ut
2666 2678 2855 2738 archi·

613 2768 888 2847 episcopo
938 2767 1270 2825 Turonensi
1315 2769 1565 2846 amplius
1614 2770 1978 2829 oboedirent.

791 2858 1056 2931 Quorum
1113 2856 1429 2915 Britonum
1486 2858 1558 2917 de
1616 2859 1879 2918 moribus
1937 2878 2089 2936 quae
2148 2856 2395 2915 dicenda
2454 2864 2654 2932 erunt,
2718 2876 2851 2915 con-

609 2944 785 3022 jungi
829 2950 1080 3024 possunt
1127 2964 1256 3002 cum
1304 2945 1393 3018 iis,
1442 2966 1595 3023 quae
1640 2947 1713 3006 de
1760 2948 1875 3005 illis
1906 2948 2225 3005 Britonum
2268 2946 2546 3019 ecclesiis,
2594 2965 2745 3021 quae
2791 2945 2855 3003 i‘n

611 3034 909 3112 Hispania
956 3056 1023 3093 ac
1071 3034 1307 3110 quidem
1354 3034 1415 3091 in
1451 3034 1708 3093 Gallicia
1754 3036 1906 3096 sexti
1950 3034 2169 3095 saeculi
2221 3035 2588 3112 temporibus
2630 3034 2852 3111 reperi-

611 3129 796 3181 untur
828 3124 930 3201 (H.
965 3123 1083 3181 and
1115 3122 1202 3181 St.
1234 3122 1321 3195 II,
1360 3122 1413 3192 1,
1460 3146 1515 3202 p.
1553 3126 1634 3181 99
1669 3127 1823 3201 sqq.)
1857 3144 2311 3184 commemorare
2342 3124 2515 3182 nobis
2538 3142 2688 3201 opus
2719 3123 2853 3182 erit.

793 3212 955 3286 Quid
987 3212 1173 3288 igitur
1204 3212 1277 3269 de
1309 3216 1560 3288 utraque
1593 3213 1703 3271 hac
1735 3213 2052 3272 Britonum
2086 3212 2333 3273 ecclesia
2362 3212 2671 3270 dicendum
2722 3211 2853 3271 est?

615 3302 848 3376 qualem
895 3300 1227 3359 invenimus
1275 3300 1349 3358 ab
1396 3302 1672 3361 universa
1720 3303 1964 3360 ecclesia
1996 3300 2461 3361 dissensionem?
2507 3301 2746 3361 Nullam
2778 3300 2855 3358 de

611 3388 728 3445 fide
761 3388 1068 3448 catholica.
1159 3386 1452 3466 Alioquin
1483 3410 1674 3466 neque
1706 3388 1955 3449 Gallicis
1988 3389 2130 3466 (vid.
2163 3392 2366 3466 supra)
2408 3408 2601 3465 neque
2630 3389 2854 3467 Hispa-

613 3477 760 3535 nicis
808 3476 912 3552 (H.
961 3478 1078 3535 and
1125 3476 1212 3537 St.
1260 3477 1345 3549 ΙΙ,
1401 3480 1452 3551 1,
1498 3500 1556 3556 p.
1608 3480 1688 3535 99
1738 3482 1849 3555 sq.)
1910 3478 2151 3554 synodis
2211 3477 2529 3536 Britonum
2591 3478 2853 3556 episcopi

612 3565 964 3638 adfuissent,
1013 3566 1275 3642 alioquin
1323 3564 1652 3643 Gregorius
1696 3566 2057 3627 Turonensis
2104 3566 2475 3636 Winochum,
2522 3565 2853 3640 Britonem,

613 3674 732 3711 non
777 3654 1078 3713 laudasset
1123 3655 1215 3713 his
1262 3655 1485 3714 verbis:
1534 3664 1669 3715 tunc
1700 3656 1761 3730 (i.
1796 3676 1841 3716 e.
1876 3677 1926 3715 a.
1959 3655 2014 3716 d.
2051 3655 2205 3731 578)
2252 3650 2579 3724 Winoalius,
2625 3652 2853 3726 Bruta,

609 3740 677 3801 in·
731 3762 962 3802 summa
1023 3741 1360 3803 abstinentia
1407 3763 1445 3801 a
1493 3740 1823 3803 Britanniis
1882 3743 2033 3803 venit
2094 3742 2352 3804 Turones
2412 3740 2855 3822 Hier-solymam

610 3830 778 3891 adire
823 3830 1071 3911 capim,
1115 3828 1345 3891 nullam
1389 3828 1556 3890 aliud
1600 3832 1993 3891 vestimentum
2035 3831 2151 3892 nisi
2192 3877 2206 3890 .
2242 3877 2255 3891 .
2291 3877 2303 3890 .
2336 3876 2349 3890 .
2400 3828 2637 3903 habens,
2682 3851 2855 3912 quem

609 3940 713 3980 nos
745 3921 897 3999 (ipse
929 3920 1300 3998 Gregorius),
1347 3939 1460 3999 quo
1489 3917 1737 4000 facilius
1782 3929 2113 3992 termemus,
2159 3920 2299 4003 quia
2343 3918 2505 3979 nobis
2548 3917 2854 4001 reliqiosus

610 4006 778 4069 valde
822 4008 1139 4081 videbatur,
1181 4006 1529 4089 presbyterii
1566 4008 1762 4089 qratia
1791 4006 2201 4070 honoravimus
2248 4009 2328 4085 (h.
2362 4029 2407 4070 6.
2442 4014 2603 4086 gent.
2634 4010 2851 4068 Franc.

611 4098 686 4171 V,
735 4098 833 4156 24.
880 4099 963 4159 Η.
1010 4098 1128 4157 and
1175 4098 1262 4157 St.
1309 4097 1358 4171 I,
1416 4100 1468 4171 l,
1515 4119 1573 4175 p.
1625 4094 1753 4175 78).

790 4187 1062 4245 Eundem
1095 4207 1236 4263 ergo
1269 4186 1342 4244 de
1389 4186 1504 4244 fide
1553 4186 1843 4247 catholica
1890 4207 2236 4247 consensum
2283 4186 2625 4264 reperimus,
2674 4206 2849 4262 quem

611 4274 770 4351 apud
825 4274 1082 4333 Gildam.
1175 4274 1332 4349 Quin
1397 4275 1574 4334 etiam
1638 4296 1787 4352 quae
1846 4298 2027 4353 supra
2088 4275 2163 4333 de
2222 4275 2595 4335 sacerdotum
2642 4276 2849 4335 matri-

612 4363 821 4419 moniis
881 4382 998 4420 non
1058 4363 1182 4420 sine
1239 4365 1591 4438 conjecturis
1656 4366 1717 4422 in
1781 4365 2038 4423 medium
2103 4364 2482 4442 protulimus,
2553 4365 2663 4422 hoc
2719 4364 2853 4422 loco
