3167 4900
1202 220 1640 277 ——67-

478 391 625 466 Sed,
674 394 945 471 quamvis
988 394 1361 473 repudianda
1404 396 1483 457 sit
1529 396 1678 457 haec
1721 396 1930 459 Skeuii
1975 399 2298 473 sententia,
2345 405 2546 459 tamen

294 481 735 541 observandum
782 488 891 555 est,
940 502 1117 560 quam
1162 504 1343 563 saepe
1386 493 1664 547 occurrat
1709 487 1870 564 apud
1913 485 2126 547 Scotos
2169 486 2268 548 Sti
2297 488 2546 549 Martini

294 590 513 631 nomon
562 572 659 646 (cf.
693 570 951 633 Warron
996 573 1108 631 loc.
1152 572 1216 633 in
1260 573 1457 635 indice
1500 577 1752 651 comm),
1797 594 1978 651 quam
2007 581 2246 635 vetusta
2272 576 2356 637 sit
2379 576 2546 654 apud

293 678 399 717 eos
444 660 639 719 sancti
688 660 853 719 illius
906 661 1213 721 veneratio
1260 662 1361 736 (cf.
1402 663 1622 735 Jonas,
1667 664 1774 723 vit.
1823 662 1950 723 Col.
1995 663 2152 725 Lux.
2197 665 2358 725 nah.
2403 664 2545 726 Act.

290 745 406 805 SS.
452 745 544 819 ΙΙ,
592 768 728 807 ann.
778 748 926 822 615,
975 749 1077 821 44,
1124 770 1182 827 p.
1232 750 1335 823 23,
1382 753 1455 810 cf.
1489 752 1593 824 42,
1640 772 1696 829 Ρ.
1732 752 1850 823 22;
1893 752 2229 827 Adamnan,
2276 754 2386 813 vit.
2417 752 2544 815 Col.

292 835 533 895 Hiiens.
584 836 641 908 3,
692 837 793 907 90,
839 857 898 913 p.
947 838 1120 914 229).
1198 838 1331 912 Qua
1376 840 1451 899 de
1497 857 1675 899 causa
1719 841 1980 917 aliquam
2025 861 2286 917 unquam
2325 842 2544 902 Hiber-

292 924 393 983 nis
448 942 583 981 eum
630 923 725 984 Sti
768 925 1019 987 Martini
1062 927 1421 990 monasterio
1465 930 1959 989 necessitudinem
2003 929 2184 989 fuisse
2227 950 2338 1009 pro
2383 936 2545 991 certo

293 1012 641 1071 habendum
686 1012 829 1073 est.²
904 1012 1025 1073 Sed
1070 1016 1265 1091 qualis
1310 1018 1407 1075 vel
1453 1018 1690 1093 quando
1735 1017 1934 1091 fuerit,
1981 1018 2044 1076 in
2089 1020 2343 1079 obscum
2379 1020 2546 1079 latet.

294 1100 585 1163 Fortasse
624 1104 751 1177 jam
794 1102 925 1181 ipse
968 1102 1269 1165 Patricius
1312 1104 1376 1163 in
1420 1106 1628 1167 multis
1668 1106 1792 1165 suis
1835 1106 2152 1166 itineribus
2198 1107 2380 1167 etiam
2426 1106 2546 1167 'Pu-

294 1210 477 1250 rones
522 1190 707 1249 venit.
798 1191 953 1251 Nam
1000 1192 1131 1270 ipso
1176 1193 1441 1253 Patricio
1486 1199 1750 1255 testante
1789 1198 1916 1271 J’am
1959 1200 2104 1253 tunc
2146 1196 2212 1255 in
2249 1196 2547 1255 Hibernia

292 1284 475 1337 erant
521 1278 795 1340 monachi
840 1286 903 1341 et
948 1280 1210 1357 virgines
1256 1280 1483 1343 Christi
1513 1282 1848 1359 (Confessio
1893 1306 1954 1361 p.
2003 1284 2129 1343 308
2176 1284 2257 1343 Η.
2307 1284 2426 1343 and
2457 1283 2544 1343 St.

298 1362 387 1439 Π,
437 1368 521 1443 2).
597 1366 830 1443 Itaque,
876 1368 993 1430 etsi
1038 1388 1205 1429 amor
1250 1371 1351 1431 ille
1406 1371 1571 1433 vitae
1615 1372 1990 1433 monachicae
2037 1378 2098 1430 et
2127 1373 2545 1433 monachorum

296 1456 404 1520 illa
464 1455 761 1516 mirabilis
822 1457 1149 1521 auctoritas
1194 1458 1444 1519 Patricii
1502 1461 1874 1539 temporibus
1935 1460 2000 1519 in
2045 1461 2342 1521 Hibernia
2388 1461 2548 1521 haud

296 1543 487 1604 dubie
531 1563 651 1603 non
690 1546 817 1619 jam
864 1551 1013 1619 erat,
1060 1554 1261 1607 tamen
1300 1550 1425 1623 jam
1470 1556 1616 1609 tunc
1661 1549 1788 1609 vita
1833 1550 2176 1609 monachica
2223 1549 2284 1607 in
2327 1549 2547 1609 Hiber-

294 1632 463 1691 niam
519 1633 811 1694 translata
862 1640 971 1693 est.
1062 1636 1219 1697 Nam
1262 1657 1373 1714 pro
1416 1644 1579 1697 certo
1627 1644 1900 1697 constare
1945 1658 2075 1697 eam
2121 1637 2358 1697 aliunde
2403 1638 2547 1697 alla-

298 1727 425 1779 tam
474 1741 601 1780 esse
646 1720 713 1785 in
742 1722 1103 1786 Hiberniam
1144 1744 1319 1783 nemo
1362 1725 1479 1785 nisi
1506 1726 1818 1785 Ebrardus
1849 1724 1932 1803 (p.
1971 1726 2124 1801 160)
2154 1725 2376 1785 infitias
2413 1726 2546 1785 ibit.

298 1808 439 1881 Qua
496 1809 570 1867 de
626 1829 802 1868 causa
857 1810 1016 1871 vitae
1071 1813 1451 1873 monachicae
1501 1814 1826 1891 primordia
1878 1814 2040 1891 apud
2085 1812 2299 1875 Sontes
2341 1814 2548 1873 eadem

296 1905 487 1973 atque
546 1897 693 1957 alibi
752 1918 874 1957 non
927 1918 1055 1961 esse
1108 1920 1229 1963 non
1281 1909 1623 1980 potuerunt.
1713 1901 1835 1963 Sed
1879 1908 1952 1961 ut
1994 1903 2110 1961 duo
2156 1902 2424 1979 germani
2470 1902 2546 1960 si-

300 1985 536 2045 millimi
580 1986 739 2045 inter
783 2006 847 2048 se
890 1987 955 2049 in
1001 1990 1261 2066 pueritia
1306 2010 1443 2050 suos
1482 1991 1752 2068 quisque,
1799 2007 1932 2051 cum
1963 1990 2310 2063 adoleverit,
2355 2001 2547 2051 more‘s

296 2074 584 2148 ostendit,
628 2075 717 2135 ita
762 2083 825 2137 et
870 2074 1185 2138 Scotorum
1230 2078 1356 2139 vita
1400 2080 1762 2140 monachica.

484 2164 646 2237 Quin
704 2164 887 2226 etiam
944 2165 1103 2229 inter
1159 2167 1323 2244 ipsos
1366 2166 1575 2229 Sootos
1635 2169 1806 2229 varia
1864 2167 2284 2227 monachorum
2329 2188 2549 2244 genera

296 2252 727 2329 distinguenda
788 2273 915 2316 esse
974 2275 1094 2315 non
1155 2256 1345 2318 solum
1390 2258 1714 2335 -malogus
1755 2256 2138 2329 Sanctorum,
2196 2256 2268 2315 in·
2305 2277 2442 2332 quo
2489 2262 2549 2317 et

291 2342 545 2403 secundi
590 2347 653 2399 et
691 2343 857 2406 tertii
889 2344 1115 2409 ordinis
1148 2352 1385 2407 sanctos
1414 2344 1678 2407 elwa-aaa
1704 2342 1936 2426 reyulas
1964 2345 2241 2405 habuisse
2271 2345 2551 2405 dicuntur

294 2430 405 2505 (Η.
454 2431 573 2496 and
618 2428 711 2493 St.
753 2430 841 2504 11,
890 2433 948 2505 2,
995 2453 1053 2511 p.
1104 2434 1229 2496 292
1278 2436 1396 2511 sq),
1450 2434 1626 2496 testis
1687 2440 1804 2507 est,
1865 2434 1970 2494 sed
2027 2434 2158 2512 ipsa
2201 2454 2296 2494 res
2343 2433 2548 2505 docet;

294 2519 493 2594 (aliud
524 2519 929 2581 testimonium
968 2523 1133 2599 apud
1153 2523 1355 2595 Uener,
1387 2522 1640 2599 Antiqu.
1664 2544 1724 2601 p.
1752 2524 1788 2580 9
1801 2523 1924 2599 19).
1987 2521 2264 2583 Omnium
2295 2523 2547 2582 maxime

298 2607 461 2672 inter
482 2628 545 2666 se
568 2607 923 2674 differebant
944 2626 1131 2688 genus
1156 2631 1372 2683 eorum,
1416 2611 1606 2690 quiin
1629 2611 2004 2670 monasteriis
2025 2610 2220 2670 modio
2241 2610 2306 2667 in
2326 2612 2546 2688 populo

293 2696 645 2760 constitutis
690 2697 875 2759 vitam
922 2705 1167 2776 agentes
1212 2699 1561 2777 corrigendo
1604 2701 1826 2779 populo
1856 2719 2098 2776 operam
2127 2700 2432 2761 navabant
2463 2733 2548 2746 -—-

297 2784 365 2844 hi
422 2785 711 2844 simillimi
769 2788 1117 2863 posterioris
1170 2790 1455 2867 temporis
1510 2788 1812 2850 canonicis
1861 2819 1937 2834 --
1989 2795 2052 2848 et
2093 2808 2280 2864 genus
2327 2808 2547 2861 eorum,

296 2872 407 2948 qui
468 2873 847 2933 eremitarum
906 2895 1073 2936 more
1132 2877 1386 2938 solitarii
1446 2879 1638 2938 vitam
1691 2878 1970 2954 agebant.
2064 2877 2162 2936 De
2205 2877 2324 2936 illis
2369 2895 2548 2953 supra

300 2963 455 3025 satia
502 2968 593 3020 est
638 2961 1029 3039 disputatum,
1074 2965 1149 3026 de
1193 2966 1287 3026 his
1330 2985 1520 3044 pauca
1566 2967 1801 3029 addam.

482 3050 579 3110 Ae
638 3051 894 3128 primum
956 3053 1194 3130 quidem
1238 3057 1435 3116 facere
1478 3075 1598 3114 non
1643 3073 1914 3131 possum,
1974 3052 2120 3129 quin
2167 3051 2374 3112 Skoaii
2418 3072 2548 3112 sen·

302 3139 560 3200 tentiam
600 3139 959 3216 impugnem,
1008 3143 1113 3218 qui
1158 3143 1273 3202 etsi
1300 3161 1421 3202 non
1452 3149 1633 3220 negat
1679 3141 2006 3202 Columbae
2025 3143 2151 3217 jam
2181 3140 2550 3218 temporibus

298 3228 603 3288 exstitisse
634 3230 927 3303 eremitas,
973 3238 1175 3293 tamen
1204 3231 1365 3314 apud
1394 3231 1560 3292 tertii
1591 3232 1826 3290 demum
1857 3230 2078 3290 ordinis
2109 3235 2362 3302 sanctos,
2415 3227 2556 3308 „qui

299 3316 367 3376 in
410 3314 653 3381 desertis
703 3313 1102 3391 habv‘taband“,
1148 3320 1309 3380 illam
1355 3319 1599 3379 vivendi
1642 3319 1936 3379 rationem
1979 3317 2342 3380 increbuisse
2373 3322 2551 3396 putat

300 3404 419 3481 (II,
466 3428 523 3484 p.
558 3406 686 3465 248
734 3411 909 3484 sqq).
988 3407 1173 3484 Cujus
1220 3409 1307 3468 rei
1352 3428 1485 3476 cum
1529 3413 1770 3486 praeter
1815 3408 2152 3484 catalogum
2198 3406 2551 3466 Sanctorum

302 3497 555 3556 nullum.
580 3502 777 3558 exstet
819 3497 1223 3560 testimouium
1256 3531 1341 3544 -
1372 3517 1563 3573 neque
1609 3517 1792 3556 unum
1835 3497 1986 3556 illud
2031 3495 2322 3574 expressis
2354 3495 2550 3556 verbis

308 3617 435 3626 ..q-..—

457 3672 477 3702 ¹
511 3669 731 3738 Itaque,
772 3685 900 3724 cum
940 3670 1001 3722 in
1034 3670 1157 3738 ipso
1188 3669 1503 3724 Turonensi
1538 3669 1886 3724 monasterio
1914 3668 2274 3722 inveniantur
2299 3667 2553 3736 episcopi

310 3741 737 3797 monasteriales
777 3739 1099 3810 (Harttung
1136 3757 1193 3808 p.
1234 3740 1326 3807 34)
1377 3756 1559 3808 neque
1599 3740 1787 3794 desint
1836 3739 2188 3804 testimonia,
2241 3757 2310 3792 ex
2347 3739 2551 3808 quibus

300 3811 487 3866 liceat
524 3812 799 3881 suspicari
836 3812 1017 3864 multo
1058 3811 1435 3880 antiquiorem
1473 3827 1595 3864 esse
1633 3809 1692 3863 in
1721 3811 1908 3868 Gallia
1945 3810 2108 3864 illum
2147 3828 2359 3864 morem
2383 3827 2553 3877 quam

308 3884 512 3951 prima,
555 3899 699 3950 quae
736 3881 1117 3950 Harttungius
1154 3882 1388 3951 profert,
1431 3882 1553 3951 ejus
1591 3883 1849 3951 exempla
1887 3881 1984 3951 (cf.
2022 3880 2315 3947 Harttung
2349 3895 2405 3946 p.
2435 3879 2549 3946 34),

308 3959 535 4008 tannim
573 3953 749 4018 abest,
789 3957 855 4006 ut
879 3957 1035 4007 certa
1060 3953 1193 4018 sint,
1234 3970 1378 4022 quae
1403 3951 1786 4020 Harttungius
1814 3954 1884 4005 de
1912 3952 2132 4020 origine
2161 3951 2554 4018 episcoporum

309 4025 798 4082 monasterialium
838 4025 1105 4093 opinatus
1142 4027 1255 4090 est,
1294 4027 1359 4078 ut
1394 4025 1567 4078 liceat
1603 4028 1823 4090 putare,
1863 4021 2066 4076 Scotos
2103 4038 2138 4074 a
2159 4019 2354 4076 -Gallis
2392 4019 2554 4078 illum

305 4113 531 4155 morem
568 4113 701 4150 acce
747 4096 873 4150 isse.
939 4093 1055 4148 Sed
1090 4094 1150 4148 in
1187 4095 1375 4148 medio
1412 4094 1596 4148 adhuc
1637 4092 2004 4162 relinquenda
2038 4095 2126 4146 est
2149 4091 2288 4145 haec
2315 4089 2550 4159 questi0,

310 4167 495 4221 donec
549 4167 671 4236 ipse
771 4166 1116 4236 arttungius,
1171 4166 1268 4233 qui
1303 4165 1519 4233 primus
1558 4165 1877 4221 accuratius
1915 4164 1986 4216 de
2024 4163 2130 4216 hac
2170 4179 2230 4215 re
2271 4161 2554 4227 disseruit,

308 4239 405 4292 vei
444 4238 589 4292 alius
627 4237 855 4308 quidam
896 4236 1153 4290 funditus
1190 4237 1558 4306 exquisiverit
1594 4239 1739 4291 hane
1765 4251 1902 4300 rem,
1943 4236 2122 4288 multo
2151 4231 2552 4298 difficiliorem,

304 4325 483 4379 quam
514 4313 584 4362 ut
620 4309 813 4378 paucis
851 4308 1213 4378 dijudicetur.

2056 4393 2128 4449 5*
