3167 4900
1197 269 1594 339 ...3.-

273 455 574 518 erroribus
619 477 738 518 non
785 465 1013 530 careat,
1059 465 1130 529 ut
1174 460 1301 538 ipse
1347 466 1558 518 auctor
1600 466 1807 538 postea
1855 465 1947 520 est
1991 457 2289 520 confessus
2335 455 2519 538 (Her-

273 569 387 624 zog
425 547 502 606 R.
533 547 604 605 E.
659 547 714 606 1.
747 546 910 606 Aufl.
949 549 1046 619 11,
1082 549 1204 605 201
1243 549 1420 624 sqq),
1467 549 1697 622 idonea,
1746 569 1863 625 qua
1908 549 2057 608 duce
2102 557 2351 608 utantur
2394 570 2517 614 om-

273 657 378 694 nes
424 637 498 694 de
546 636 942 695 ecclesiastica
987 635 1305 694 Britonum
1353 635 1783 715 Scotorumque
1840 638 2090 697 historia
2136 639 2515 714 disputaturi.

273 726 480 800 Neque
525 724 754 784 Uenerii
797 721 1290 784 Britannicarum
1335 723 1705 784 ecelesiamm
1748 725 2179 807 antiqm‘tatibus
2223 727 2517 802 (Dublini.

279 814 307 870 1
321 814 474 889 639)
517 813 707 870 adhuc
755 833 952 871 carere
999 833 1322 890 possumus.
1417 808 1675 873 Comitia
1722 823 1919 874 autem
1963 811 2225 894 Maymze
2272 811 2515 873 Britan·

271 899 404 959 niae
448 909 499 959 et
543 896 866 960 Hiberniae
912 921 947 958 a
976 901 1298 960 Wilkinsio
1336 903 1502 960 1737
1553 903 1798 962 collecta
1844 903 2018 961 hodie
2068 911 2516 975 consenuerunt,

275 990 415 1064 quia
461 1009 615 1048 nova
662 1011 848 1066 eaque
893 990 1119 1065 optima
1166 996 1362 1049 exstat
1407 990 1617 1064 editi0‚
1666 995 1832 1067 cujus
1879 991 2059 1069 primi
2103 992 2249 1050 tomi
2270 985 2518 1050 ‘Hasius

273 1078 632 1136 mentionem
675 1079 838 1137 fecit:
891 1075 1158 1138 Counae‘ls
1187 1078 1312 1138 and
1349 1077 1749 1139 ecelesiastical
1792 1079 2127 1140 documents
2170 1076 2417 1159 relatiny
2460 1088 2519 1140 to

277 1160 462 1226 Great
505 1165 751 1226 Britain
782 1166 932 1225 rand
977 1164 1240 1227 Ireland.
1302 1167 1388 1226 ed.
1448 1165 1725 1228 Haddan
1770 1167 1894 1228 and
1937 1166 2166 1228 stubbs.
2266 1165 2517 1249 Ooeford.

271 1251 379 1313 vol.
415 1259 462 1313 1.
512 1256 660 1315 1869
675 1275 694 1326 ,·
739 1252 850 1314 vol.
883 1258 940 1325 2,
975 1259 1020 1314 1.
1057 1259 1241 1326 1873,·
1284 1253 1392 1316 vol.
1439 1259 1496 1326 2,
1525 1259 1580 1315 2.
1633 1260 1812 1327 13783
1856 1254 1967 1316 vol.
1996 1259 2053 1316 3.
2098 1259 2259 1316 1871.
2350 1259 2517 1316 Ηο00

273 1343 458 1401 editio
491 1344 748 1402 maximo
793 1345 928 1404 usui
974 1345 1119 1402 mihi
1165 1345 1281 1403 fuit
1325 1365 1446 1403 non
1491 1346 1679 1404 solum
1728 1346 1868 1422 quia
1914 1345 2179 1404 continet
2225 1367 2517 1404 commen·

277 1431 596 1506 tationem,
645 1433 1052 1492 brevissimam
1099 1434 1261 1492 illam
1309 1434 1544 1510 quidem
1594 1435 1698 1492 sed
1742 1434 2171 1507 doctissimam,
2219 1435 2291 1492 de
2338 1435 2515 1493 schis-

276 1529 436 1580 mate
483 1522 642 1581 inter
685 1521 966 1580 Britones
1013 1528 1074 1580 et
1118 1521 1444 1594 Romame,
1493 1523 1596 1582 sed
1644 1523 1784 1598 quia
1832 1540 2035 1581 eorum
2082 1543 2317 1598 quoque
2364 1524 2515 1581 anti-

271 1609 524 1684 quitatis
585 1610 1056 1668 testimoniorum
1073 1655 1087 1682 ,
1167 1632 1319 1688 quae
1379 1611 1586 1688 lingua
1650 1611 1878 1670 Celtica
1953 1612 2286 1688 conscripta
2360 1616 2517 1682 sunt,

270 1697 548 1756 notitiam
580 1698 725 1757 mihi
757 1699 1138 1776 comparavit.
1231 1701 1346 1758 His
1377 1701 1683 1758 doctrinae
1715 1699 2046 1779 praesidiis,
2094 1699 2307 1774 quibus
2354 1720 2515 1758 acce-

271 1785 511 1858 debant,
545 1807 695 1862 (11100
725 1787 972 1847 Plittius
1005 1788 1090 1860 (in
1111 1782 1444 1858 Zeitsehvdft
1457 1787 1572 1869 far
1586 1785 2099 1848 Protestantismus
2130 1787 2255 1846 und
2277 1783 2517 1846 Kirehe.

271 1869 592 1954 Erlanyen.
633 1876 826 1952 1864)
853 1882 914 1934 et
935 1875 1321 1934 Friedrichus
1353 1871 1953 1956 (Kirehenyeschichte
1970 1872 2405 1935 Deutschlands
2428 1875 2515 1947 II,

217 2007 224 2013 .
275 1963 402 2020 135
451 1965 624 2039 sqq.),
683 1963 945 2022 Ebrardi
991 1955 1552 2024 commentationum
1614 1985 1919 2024 censuram
1979 1965 2317 2036 scribentes,
2381 1985 2513 2042 per-

269 2052 476 2128 paucis
538 2051 610 2109 de
671 2058 876 2110 nostra
935 2073 999 2110 re
1059 2053 1550 2132 disputaverunt,
1631 2053 1918 2130 denique,
1997 2073 2148 2130 quae
2209 2054 2516 2112 Hertelius

270 2135 554 2216 (Kalmiat,
601 2132 934 2222 Zeitschmfi
961 2139 1076 2222 fiio·
1119 2141 1176 2200 d.
1223 2139 1350 2201 hist.
1393 2139 1584 2201 Theol.
1640 2143 1827 2215 1875,
1878 2142 2253 2217 396—454)
2300 2142 2372 2198 de
2405 2141 2515 2200 Oo-

273 2228 479 2286 lumba
509 2229 874 2288 Luxoviensi
921 2230 1216 2304 disseruit,
1265 2239 1326 2289 et
1372 2232 1476 2308 qui
1519 2230 1911 2308 posteriorum
1959 2235 2290 2306 temporum
2334 2231 2515 2288 ratio·

269 2337 405 2376 nem
464 2318 826 2390 habuerunt,
904 2318 1185 2384 Braunii
1217 2319 1290 2377 de
1337 2319 1578 2378 Ouldeis
1636 2320 1873 2378 libellus
1932 2314 2155 2394 (Bona.
2219 2319 2391 2393 1840)
2456 2326 2517 2376 et

270 2405 720 2465 Wattenbachii
780 2407 853 2465 de
915 2405 1225 2465 Scotorum
1293 2408 1781 2471 monasteriorum
1845 2407 2301 2483 congregatione
2362 2426 2515 2465 com-

269 2494 559 2553 mentatio
607 2496 696 2570 (in
747 2516 800 2553 v.
855 2490 1039 2569 Quaet
1053 2540 1070 2565 ,
1132 2491 1461 2577 Zeetschmfl
1489 2496 1603 2577 fiir
1647 2492 1961 2555 christliche
2004 2490 2409 2575 Arehci‘oloyie.
2461 2496 2489 2551 1
2502 2538 2515 2554 .

276 2583 492 2659 1856),
554 2588 874 2641 exornatus
933 2584 1106 2642 initio
1161 2604 1280 2643 rem
1345 2604 1661 2661 aggressus
1721 2592 1782 2642 et
1827 2590 2016 2642 totam
2062 2583 2275 2641 studiis
2320 2604 2515 2659 perse·

271 2677 448 2729 cutus
479 2692 626 2744 sum,
673 2678 992 2747 antequam
1023 2672 1170 2730 alios
1201 2672 1385 2730 libros
1415 2692 1847 2749 cognoscerem,
1878 2691 2127 2747 quorum
2160 2672 2517 2729 mentionem

269 2760 436 2837 prius
482 2780 602 2818 non
647 2760 1006 2819 inveneram.
1097 2760 1280 2818 Forte
1312 2762 1466 2820 enim
1499 2762 1699 2821 inveni
1729 2760 2125 2837 Loeningium
2160 2754 2518 2835 (Geschichte

271 2847 372 2907 dee
419 2844 726 2911 deutschen
771 2844 1264 2908 Kirehenreehtes.
1328 2846 1420 2907 II.
1477 2850 1663 2907 1878.
1709 2870 1766 2926 p.
1816 2848 2194 2924 411—447)
2254 2848 2517 2906 Ebrardi

272 2936 634 2995 sententiam
667 2937 1028 2995 examinasse
1060 2938 1230 2995 brevi
1273 2938 1376 2995 1110
1423 2939 1663 3013 (1111(10111
1708 2936 2201 2995 commentatione
2245 2937 2347 2995 sed
2394 2956 2515 2993 om-

272 3024 458 3097 nium,
507 3045 656 3101 quae
704 3026 766 3083 in
813 3033 1016 3084 nostra
1061 3032 1238 3101 gente
1285 3026 1358 3083 de
1403 3028 1518 3085 hac
1559 3046 1624 3084 re
1672 3026 2039 3101 conscriptae
2086 3030 2224 3083 sunt
2254 3044 2361 3100 per
2392 3030 2517 3081 tres

275 3133 460 3171 annos
509 3112 785 3189 optima.1
874 3113 1088 3181 Eidem
1133 3113 1464 3191 Loeningio
1511 3115 1721 3186 debe0‚
1786 3111 1945 3189 quod
2006 3112 2255 3187 cognovi
2304 3112 2517 3170 Varini

272 3198 464 3259 e'tudes
493 3198 752 3259 relatives
783 3200 824 3259 ὰ,
849 3198 1000 3261 Petat
1021 3198 1306 3283 politique
1335 3212 1386 3261 et
1415 3199 1693 3282 reliyieux
1722 3199 1824 3259 des
1854 3196 1953 3257 ile-s
1982 3196 2406 3279 Bm'tanniques
2436 3220 2517 3257 au

272 3297 524 3348 moment
569 3288 641 3349 de
685 3285 984 3348 l'invasion
1027 3309 1284 3349 saa-omne
1315 3288 1655 3367 (Memoires
1688 3284 1983 3369 presentes
2020 3306 2144 3369 par
2180 3285 2295 3345 div.
2326 3306 2447 3346 sav.
2476 3286 2517 3345 ὰ

273 3373 475 3436 Paead.
523 3376 624 3437 des
667 3376 1034 3459 inscriptions
1077 3386 1130 3436 et
1173 3376 1572 3439 belles-lettres.
1624 3382 1669 3437 1.
1711 3374 1889 3446 Set-ie,
1954 3371 2012 3433 V
2031 3372 2204 3433 Part.
2252 3378 2298 3433 1.
2348 3378 2513 3435 1857.

262 3487 330 3545 p.
367 3469 400 3523 1
429 3470 558 3546 sqq)
591 3472 654 3525 et
696 3484 800 3525 sur
847 3462 925 3525 les
969 3484 1168 3525 causes
1214 3467 1287 3527 de
1329 3466 1390 3527 Za
1435 3466 1753 3527 dissidence
1798 3473 1951 3525 entre
1994 3460 2205 3543 Peylz'se
2250 3462 2515 3523 bretonne

275 3561 324 3611 et
367 3550 576 3633 l'e'yliee
617 3552 880 3613 romaine
927 3554 1103 3637 (ibid.
1127 3556 1184 3627 2,
1225 3556 1392 3614 1858
1432 3578 1489 3633 p.
1516 3555 1617 3614 88
1641 3555 1819 3633 sqq.).
1912 3554 2179 3627 Quarum
2226 3572 2515 3613 commen-

274 3642 566 3699 tationum
612 3644 778 3719 prior
821 3642 1064 3701 minoris
1111 3645 1392 3702 momenti
1447 3650 1540 3703 est
1586 3664 1763 3721 quam
1824 3643 2039 3715 altera,
2104 3642 2207 3700 sed
2262 3648 2515 3716 utraque

276 3724 630 3789 doctissima.
719 3729 948 3791 Tamen
979 3750 1051 3789 ex
1083 3738 1336 3809 utraque
1384 3733 1633 3791 multum
1678 3733 1907 3791 fructus
1952 3751 2071 3789 non
2119 3730 2247 3807 cepi
2294 3730 2515 3807 partim

455 3938 476 3969 ¹
514 3936 696 3991 Multo
733 3938 938 3991 melior
975 3942 1060 3991 est
1097 3941 1156 3991 et
1190 3936 1250 3990 in
1287 3954 1388 3991 suo
1441 3954 1650 4006 genere
1700 3938 1957 4005 perfecta
2006 3936 2278 3991 Schoellii
2316 3938 2385 3991 de
2424 3955 2513 3992 ee-

278 4006 446 4061 010810
485 4008 705 4062 Celtica
739 4010 1141 4062 commentatio
1181 4008 1240 4062 in
1277 4008 1708 4080 Herzog-Plias,
1756 4008 1827 4062 R.
1874 4008 1943 4063 Ε.
1984 4006 2173 4071 VIII,
2214 4009 2511 4073 334—355,

278 4096 444 4146 quam
479 4095 596 4133 non
631 4096 730 4134 suo
769 4078 895 4133 loco
946 4080 1156 4133 editam
1202 4080 1553 4149 negligentia
1599 4079 1840 4148 quadam
1886 4078 2271 4146 praetermisi,
2334 4080 2515 4133 donec

279 4148 537 4202 libellum
575 4167 761 4202 meum
799 4149 1030 4217 perfeci.
1109 4149 1264 4204 Tunc
1302 4151 1545 4204 maximo
1584 4168 1712 4203 cum
1750 4149 1954 4218 gaudio
1992 4148 2149 4201 illam
2188 4149 2327 4221 legi,
2369 4154 2512 4203 atta-

275 4236 418 4286 men,
462 4221 572 4274 etsi
611 4220 669 4274 in
705 4220 992 4273 nonnullis
1021 4219 1333 4274 Schoellius
1373 4222 1540 4275 aliter
1576 4220 1753 4275 sensit
1790 4224 1957 4288 atque
1997 4236 2117 4287 ego,
2159 4236 2273 4272 non
2310 4220 2511 4286 habe0‚

277 4292 427 4358 quod
475 4291 616 4345 meis
663 4290 893 4357 addam;
949 4291 1231 4360 integram
1279 4292 1467 4360 potius
1513 4292 1688 4345 malui
1735 4291 2054 4359 legentibus
2092 4290 2296 4345 offerre
2332 4308 2515 4345 meam

279 4361 809 4416 commentationem
847 4362 1282 4430 comparandam
1322 4380 1449 4416 cum
1488 4362 1866 4415 Schoelliana.

2019 4449 2089 4503 1*
