3167 4900
1514 272 1592 284 .-..
1691 240 1774 297 70
1873 272 1953 282 -.

608 419 867 478 Betham
911 418 1008 491 II,
1070 436 1205 494 app.
1254 438 1311 494 p.
1359 416 1620 488 XXV13
1681 415 1940 475 Adamn.
1986 417 2092 477 vit.
2139 415 2265 475 Col.
2313 417 2374 487 2,
2431 416 2533 487 69,
2594 434 2651 491 Ρ.
2701 416 2868 487 222;

618 511 675 581 1,
724 506 823 579 15,
871 528 930 584 Ρ.
966 508 1121 578 203;
1175 508 1230 579 1,
1284 505 1383 578 14,
1429 526 1486 583 Ρ,
1522 505 1650 562 203
1697 511 1762 563 et
1805 505 1994 581 alibi),
2037 511 2216 565 tanta
2259 511 2408 576 erat,
2453 512 2524 563 ut
2567 521 2864 562 nonnum·-

610 616 787 673 quam
820 594 989 654 flexis
1020 594 1273 672 genibus
1304 594 1380 653 ad
1409 614 1545 652 eum
1577 594 1925 652 accederent
1953 593 2226 653 monachi
2258 594 2363 670 (ib.
2397 594 2454 665 3,
2488 594 2592 666 87,
2623 612 2681 669 p.
2709 592 2868 665 228,

610 686 681 743 cf.
741 686 794 756 1,
846 686 902 755 6,
949 704 1007 761 Ρ.
1056 684 1229 759 201),
1289 688 1359 741 ut
1414 702 1487 741 ex
1530 681 1786 741 arbitrio
1831 682 2012 741 etiam
2057 682 2348 741 inusitata
2392 682 2540 740 hora
2586 682 2682 749 vel
2729 681 2869 759 ipsa.

609 779 783 832 nocte
842 792 953 849 per
1012 790 1182 830 suum
1237 771 1547 848 proprium
1605 770 1942 829 ministrum
1987 769 2272 846 (Adamn.
2317 770 2424 829 vit.
2473 769 2599 829 Col.
2653 772 2706 843 1,
2762 772 2868 829 11.

614 863 715 919 22.
766 862 868 918 25.
918 862 1000 918 26
1050 860 1219 935 alibi)
1280 860 1453 937 pulsa
1508 860 1704 917 clocca
1757 859 1974 917 fratres
2033 859 2098 917 in
2145 858 2448 917 eeclesiam
2497 858 2868 917 convocandi

609 954 971 1027 potestatem
1029 948 1279 1007 haberet
1338 948 1442 1023 (ib.
1496 949 1548 1020 1,
1604 949 1702 1020 11,
1757 968 1816 1025 p.
1865 948 2028 1019 2023
2097 949 2150 1020 1,
2201 948 2303 1019 21,
2357 968 2418 1025 Ρ.
2469 947 2643 1023 205).
2735 948 2870 1007 Nec

609 1044 811 1097 tamen
866 1038 967 1094 ille
1022 1038 1181 1096 solus
1236 1036 1509 1095 omnibus
1554 1037 1974 1095 monachorum
2019 1036 2238 1096 studiis
2281 1037 2376 1095 vel
2423 1036 2705 1113 operibus
2753 1054 2868 1095 neo

612 1127 771 1184 solus
818 1125 1091 1203 regendis
1130 1125 1371 1203 populis
1415 1130 1711 1203 praeerat,
1759 1124 1862 1183 sed
1891 1146 1930 1183 a
1961 1125 2293 1183 senioribus
2323 1124 2414 1183 ita.
2443 1124 2870 1200 adjuvabatur,

610 1220 680 1273 ut
724 1213 1031 1290 graviores
1075 1234 1170 1273 res
1216 1234 1336 1273 non
1380 1214 1509 1272 sine
1556 1232 1757 1271 eorum
1805 1214 2052 1272 consilio
2097 1212 2456 1289 dijudicaret
2483 1212 2683 1288 (Beda,
2718 1212 2780 1270 h.
2813 1233 2868 1270 e.

614 1304 670 1375 3,
722 1302 759 1359 5
808 1304 843 1380 g
896 1303 1049 1379 164)
1111 1308 1171 1361 et
1229 1308 1302 1361 ut
1359 1320 1544 1360 unum
1605 1320 1681 1359 ex
1739 1302 1858 1361 illis
1907 1301 2248 1377 junioribus
2295 1300 2642 1380 praeficeret
2687 1298 2867 1377 prae‘·

610 1391 871 1469 positum
933 1390 1038 1464 (ib.
1102 1392 1155 1463 l,
1213 1391 1315 1463 33,
1370 1410 1429 1468 p.
1478 1391 1635 1466 210)
1694 1391 1790 1449 vel
1851 1391 1956 1466 (ib.
2021 1391 2074 1463 1,
2133 1391 2235 1462 30,
2289 1412 2348 1467 Ρ.
2399 1390 2552 1465 209)
2616 1406 2866 1467 operum

612 1479 1097 1555 dispensatorem.
1172 1478 1392 1539 Tribus
1438 1484 1639 1537 autem
1685 1478 1916 1537 diurnis
1959 1480 2244 1557 operibus
2289 1477 2450 1555 apud
2480 1476 2868 1537 Adamanum

611 1567 931 1625 monachos
975 1566 1308 1625 invenimus
1352 1567 1635 1639 intentos,
1681 1566 1908 1640 iisdem,
1957 1588 2109 1643 quae
2155 1568 2218 1626 in
2263 1568 2490 1643 regula,
2537 1584 2690 1643 quae
2727 1584 2864 1643 per·

610 1674 815 1733 peram
844 1653 1171 1713 Columbae
1218 1656 1575 1715 attribuitur
1616 1656 1726 1731 (H.
1757 1656 1877 1715 and
1907 1654 1997 1715 St.
2029 1656 2116 1727 ΙΙ,
2171 1658 2200 1713 1
2247 1677 2306 1733 Ρ.
2345 1656 2515 1732 120),
2559 1654 2876 1714 monachis

612 1744 998 1803 mandantur:
1044 1744 1431 1816 orationibus,
1478 1744 1800 1817 laboribus,
1847 1744 2216 1806 lectionibus.
2289 1745 2500 1819 Neque
2544 1744 2654 1802 hac
2701 1743 2766 1801 in
2797 1762 2869 1803 re

616 1832 933 1909 quicquam
981 1832 1358 1908 conspicuum
1402 1840 1496 1892 est
1540 1833 1660 1891 nisi
1704 1832 1768 1890 in
1814 1833 2184 1893 orationibus
2229 1830 2676 1892 decantationes
2723 1832 2876 1891 illae

613 1922 973 2000 psalmorum
1033 1919 1315 1995 (Adamn.
1361 1922 1452 1980 vit
1498 1921 1625 1980 Col.
1680 1922 1733 1994 1,
1783 1922 1884 1993 31,
1942 1943 1998 1999 Ρ.
2049 1922 2231 1997 209),
2292 1922 2367 1980 de
2429 1920 2646 1997 quibus
2703 1921 2868 1979 infra

614 2010 787 2087 plura
848 2008 1098 2067 (licenda
1158 2016 1323 2082 sunt,
1382 2009 1445 2067 in
1502 2010 1809 2069 laboribus
1861 2011 2008 2083 tria,
2067 2028 2222 2087 quae
2279 2017 2604 2068 occurrunt
2658 2028 2866 2067 eorum

618 2116 861 2174 genera,
922 2097 1177 2173 primum
1237 2097 1535 2157 scribendi
1597 2096 1880 2173 (Adamn.
1935 2101 1986 2171 1,
2038 2098 2140 2172 22,
2195 2120 2254 2175 p.
2303 2100 2478 2174 206),
2539 2096 2868 2157 secundum

616 2204 834 2258 eorum,
884 2185 988 2261 qui
1030 2186 1093 2242 in
1138 2186 1269 2264 ipso
1315 2186 1676 2245 monasterio
1720 2186 2068 2263 perficiendi
2113 2192 2288 2245 erant
2333 2186 2618 2262 (Adamn.
2656 2188 2710 2258 1,
2761 2187 2870 2258 22,

614 2295 673 2352 Ρ.
709 2274 863 2344 2Ο6;
915 2274 972 2345 2,
1007 2272 1107 2346 52,
1149 2296 1206 2352 Ρ.
1242 2276 1415 2350 217),
1461 2273 1708 2333 tertium
1755 2294 1974 2348 eorum,
2023 2292 2170 2352 quos
2215 2276 2588 2351 agricultura
2632 2275 2870 2338 ferebat

616 2362 722 2437 (ib.
762 2363 815 2434 1,
848 2362 955 2433 30,
998 2382 1055 2439 Ρ.
1090 2364 1263 2439 209).
1337 2363 1614 2439 Denique
1661 2382 1777 2422 non
1826 2365 2097 2423 omittam
2145 2380 2600 2423 commemorare
2629 2364 2872 2421 labores

615 2452 751 2510 illos
796 2471 1173 2528 nequaquam
1219 2453 1281 2510 in
1329 2453 1594 2530 singulas
1633 2453 1758 2512 diei
1805 2454 1982 2513 horas
2029 2459 2192 2514 certa
2229 2453 2488 2530 quadam
2518 2454 2650 2529 lege
2679 2452 2878 2511 fuisse

618 2540 999 2612 aim-ibutos,
1066 2541 1170 2599 sed
1213 2543 1509 2618 perfectos
1556 2561 1684 2600 esse
1727 2543 1823 2600 vel
1853 2542 2107 2618 'quando
2153 2542 2470 2603 necessitas
2516 2541 2726 2600 aderat
2769 2542 2872 2601 vel

619 2629 857 2705 quando
902 2629 1206 2688 monachis
1252 2631 1347 2689 vel
1395 2630 1604 2689 abbati
1650 2630 1974 2690 collibebat
2011 2629 2302 2708 (Adonin.
2357 2631 2410 2703 1,
2460 2630 2563 2703 30,
2607 2651 2666 2708 Ρ.
2703 2631 2873 2702 209;

624 2719 679 2789 1,
728 2718 831 2789 21,
886 2737 943 2794 Ρ.
992 2717 1164 2794 205).
1241 2716 1535 2778 Attamen
1591 2719 1963 2778 horariarum
2016 2737 2260 2797 precum
2317 2718 2676 2778 mentionem
2725 2735 2872 2777 ceeu

622 2803 879 2882 quodam
924 2807 1003 2865 ab
1049 2804 1409 2865 Adamnano
1454 2808 1677 2866 factam
1723 2828 1840 2866 non
1889 2825 2016 2867 esse
2063 2807 2330 2886 opinor.1

796 2891 968 2954 Haec
1012 2894 1315 2954 hactenus.
1389 2896 1544 2957 Nam
1591 2897 1669 2956 ad
1715 2896 2173 2974 comparandam
2215 2895 2518 2956 ecclesiam
2551 2895 2874 2954 Scotorum

620 3001 751 3041 cum
797 2981 1069 3042 Romane
1116 2982 1441 3044 Columbae
1486 2981 1738 3044 historia
1783 3005 1989 3044 ansam
2033 3003 2158 3044 non
2199 2985 2447 3064 praebet
2460 3029 2474 3057 ,
2535 2985 2680 3061 quia
2721 2991 2879 3046 tuno

618 3070 905 3148 temporis
964 3073 1037 3132 de
1094 3071 1171 3131 iis
1230 3073 1433 3146 rebus,
1497 3093 1649 3150 quae
1710 3074 2140 3152 posterioribus
2201 3073 2570 3152 temporibus
2630 3079 2871 3133 contro·

617 3159 874 3219 versiam
918 3161 1356 3236 excitaverunt,
1412 3181 1531 3222 non
1571 3167 1699 3239 :iam
1747 3163 2054 3240 agebatur.
2145 3162 2500 3239 Quanquam
2547 3161 2706 3220 enim
2753 3161 2878 3221 Co·

618 3249 821 3306 lumba
881 3249 1087 3307 eadem
1145 3249 1285 3309 festi
1342 3251 1640 3329 paschalis
1699 3251 2144 3329 computatione
2173 3242 2177 3248 ’
2202 3252 2488 3310 utebatur
2543 3256 2610 3308 et
2661 3251 2876 3309 eadem

618 3343 867 3396 tonsura
920 3341 1193 3396 attonsus
1253 3346 1384 3399 erat
1428 3345 1612 3417 atque
1656 3339 2007 3418 posterioris
2052 3339 2338 3417 temporis
2385 3339 2552 3398 Scoti
2599 3373 2677 3384 --
2729 3359 2874 3398 nam

621 3429 683 3482 et
723 3424 1019 3484 Columba
1047 3425 1443 3488 Luxoviensis
1487 3435 1810 3506 utrumque
1853 3445 2074 3486 morem
2115 3431 2240 3504 jam
2286 3435 2431 3487 tunc
2475 3427 2540 3486 iu
2570 3427 2879 3486 Hibernia

619 3511 802 3570 fuisse
832 3513 1007 3574 testis
1036 3521 1129 3575 est
1150 3522 1213 3574 et
1228 3515 1399 3576 Beda
1421 3517 1636 3594 prioris
1661 3517 2022 3575 mentionem
2044 3516 2188 3576 fecit
2208 3518 2294 3592 (h.
2315 3537 2366 3577 e.
2391 3517 2451 3588 3,
2479 3517 2519 3574 4
2543 3517 2580 3594 ξ
2611 3518 2765 3592 160)
2785 3549 2867 3560 -·

620 3606 838 3674 tamen,
888 3621 1019 3660 cum
1052 3602 1343 3663 Columba
1387 3604 1537 3662 nihil
1576 3605 1910 3664 commercii
1940 3605 2220 3664 habuerit
2251 3625 2382 3664 cum
2411 3605 2721 3677 Romanis,
2765 3605 2874 3663 ab·

614 3691 775 3763 jecta
830 3689 1175 3752 Adamnuni
1234 3693 1463 3766 fabula,
1519 3713 1676 3769 quae
1731 3693 2082 3753 Columbam
2142 3693 2288 3752 facit
2346 3693 2875 3772 praenuntiantem

618 3775 885 3838 futurem
942 3779 1018 3839 de
1078 3781 1447 3842 celebrandis
1499 3783 1667 3842 festis
1721 3783 1934 3842 diebus
1977 3782 2354 3860 paschalibus
2401 3781 2873 3842 controversiam

621 3868 706 3940 (1,
741 3868 799 3940 8,
846 3890 905 3946 Ρ.
938 3871 1111 3945 201),
1159 3870 1580 3948 suspicandum
1611 3877 1718 3944 est,
1767 3891 1896 3930 eum
1929 3891 2049 3930 non
2079 3871 2330 3945 novisse,
2375 3871 2525 3947 quid
2555 3869 2874 3930 Scotorum

620 3958 931 4033 proprium
978 3957 1071 4018 sit.

797 4045 1008 4123 Neque
1056 4045 1292 4106 omnino
1339 4046 1413 4105 de
1458 4053 1712 4124 utroque
1758 4067 1920 4106 more
1964 4050 2152 4108 multa
2197 4047 2448 4107 dicenda
2479 4054 2638 4107 sunt.
2713 4046 2874 4106 Nam

768 4256 790 4288 ²
829 4253 920 4308 De
966 4255 1284 4322 puellarum
1334 4255 1720 4320 monasteriis,
1775 4257 1846 4310 de
1893 4256 2094 4325 quibus
2133 4256 2506 4312 Adamnanus
2543 4257 2654 4312 nisi
2693 4257 2878 4312 semel

625 4325 699 4392 (2,
747 4324 831 4391 75,
871 4343 927 4394 Ρ.
970 4326 1101 4394 224)
1139 4325 1486 4379 mentionem
1524 4343 1639 4380 non
1677 4326 1829 4393 fecit,
1869 4326 2017 4380 infra
2057 4329 2138 4394 (p.
2179 4326 2274 4395 81)
2315 4328 2516 4383 dicam.
