3167 4900
1518 220 1958 277 ...94-

608 397 827 473 quibus
856 416 1040 457 unum
1063 399 1253 458 Jonas
1282 399 1631 472 nominavit,
1663 400 1824 476 quod
1848 399 2015 459 Scoti
2041 418 2214 460 sacra
2236 398 2553 459 missarum
2575 396 2870 459 solemnia

606 484 940 545 orationum
999 495 1050 546 et
1102 484 1471 547 collectarum
1522 442 1836 567 multiplici
1883 486 2159 570 varietate
2213 489 2580 547 celebrarent
2626 490 2702 564 (c.
2753 489 2864 560 10,

606 595 664 652 p.
716 574 843 632 120
890 576 962 633 cf.
1030 575 1285 634 Warren
1330 597 1390 653 p.
1432 578 1513 634 96
1560 579 1738 653 sqq.,)
1783 583 2028 649 ceteros,
2075 596 2208 637 cum
2237 575 2585 654 Agl-estium
2631 578 2868 636 faceret

607 664 900 725 dicentem
939 672 1027 737 „et
1054 660 1243 723 multa
1272 660 1395 723 alva
1422 661 1758 746 simet-fhoff
1787 666 1922 743 pari
1951 665 2124 725 modo
2150 672 2332 742 atque
2356 664 2526 723 Beda
2549 666 2650 740 (cf.
2673 684 2864 743 supra

607 774 667 831 p.
716 752 825 827 25)
872 752 1110 812 levioris
1156 753 1441 813 momenti
1488 773 1613 813 esse
1659 754 1966 814 indicavit.

786 840 956 899 Haec
1002 846 1142 900 sunt
1188 860 1341 917 quae
1386 848 1628 902 exstant
1671 842 2054 903 dissensionis
2097 841 2442 902 testimonia
2486 847 2728 919 praeter
2771 842 2858 915 id,

608 930 769 1007 quod
812 929 1047 1007 saepius
1086 929 1393 989 invenitur
1420 930 1752 1007 generatim
1781 937 1845 990 et
1873 930 2210 989 summatim
2239 930 2468 990 dictum
2503 926 2860 991 Columbam

604 1038 645 1077 a
674 1026 993 1077 ceterorum
1030 1016 1290 1077 moribus
1328 1017 1637 1079 desciscere
1666 1019 2012 1096 (Agrestius
2042 1020 2204 1097 apud
2231 1019 2372 1079 Jon.
2403 1019 2511 1079 vit.
2539 1018 2714 1079 Eust.
2751 1020 2856 1091 10,

606 1128 665 1185 p.
692 1106 843 1182 120)
866 1107 963 1166 vel
982 1104 1061 1165 ab
1082 1105 1344 1166 evurtium
1364 1105 1754 1167 swndam'um
1775 1126 1940 1168 more
1963 1106 2272 1168 desciscere
2294 1107 2365 1184 (J
2365 1126 2460 1166 on.
2475 1108 2583 1167 vit.
2597 1106 2725 1166 Col.
2745 1108 2853 1179 33,

605 1216 665 1275 p.
696 1196 803 1270 19)
834 1195 928 1254 vel
960 1194 1224 1255 omnibus
1252 1214 1369 1255 non
1398 1194 1616 1255 sociavi
1641 1196 1932 1273 (ibidem).
1995 1198 2260 1271 Quorum
2292 1196 2540 1256 tertium
2575 1228 2654 1241 -—-
2691 1196 2854 1273 quod

606 1283 897 1344 Columba
926 1284 1197 1343 omnibus
1229 1305 1349 1343 non
1380 1284 1596 1344 sociari
1624 1284 1850 1344 dicitur
1887 1318 1959 1329 -
1997 1286 2157 1345 haud
2187 1285 2308 1344 scio
2341 1304 2418 1344 an
2449 1284 2694 1360 majoris
2725 1304 2850 1343 mo-

604 1372 793 1431 menti
820 1371 919 1444 sit,
953 1392 1131 1449 quam
1160 1373 1276 1431 tibi
1298 1373 1592 1432 videatur.
1659 1372 1832 1431 Idem
1856 1374 2012 1433 enim
2035 1374 2399 1433 Laurentius
2423 1372 2852 1433 Cantusrensis

603 1460 929 1522 Columbae
961 1460 1194 1521 crimini
1226 1461 1393 1520 dedit
1422 1461 1624 1521 dicens
1663 1482 1726 1521 se
1753 1480 1874 1541 per
1905 1459 2250 1522 Cblumbam
2279 1459 2548 1522 abbatem
2577 1460 2849 1523 didicisse

604 1543 807 1609 Scotos
848 1546 935 1607 πᾶ
976 1546 1311 1630 discrepare
1353 1569 1394 1609 a
1436 1547 1787 1611 Britonibus
1831 1549 1894 1609 in
1939 1570 2141 1611 eorum
2183 1549 2608 1611 conversatione
2652 1550 2850 1627 (Beda.

603 1637 659 1695 h.
690 1658 741 1696 e.
776 1637 834 1708 2,
867 1636 926 1708 4,
958 1637 993 1714 5
1028 1638 1155 1714 98),
1198 1639 1402 1698 idem
1384 1659 1513 1717 lpse
1544 1640 1834 1700 Columba
1867 1640 2198 1712 confitetur,
2231 1659 2364 1698 cum
2394 1639 2604 1699 scribit
2634 1642 2751 1716 (ep.
2791 1641 2846 1712 1,

602 1746 660 1804 p.
696 1725 781 1783 24
810 1679 919 1801 lm:
965 1734 1185 1785 constat
1227 1747 1335 1787 nos
1380 1728 1521 1805 [etsi
1564 1730 1629 1787 in
1660 1726 1860 1787 Gallis
1906 1729 2130 1805 sumus]
2159 1726 2223 1787 in
2251 1734 2454 1787 nostra
2483 1746 2600 1787 esee
2620 1725 2846 1809 patria,

602 1813 745 1873 dum
790 1810 989 1873 nullas
1030 1812 1277 1875 istorum
1320 1814 1669 1896 suscipimus
1711 1812 1946 1897 reffldas
1979 1811 2306 1887 Gallorum,
2351 1816 2455 1876 sed
2497 1814 2562 1875 in
2607 1814 2845 1876 desertis

600 1901 872 1973 sedentes,
916 1899 1066 1961 nulli
1104 1902 1345 1976 molesti,
1390 1925 1523 1964 cum
1566 1913 1902 1965 nostrorum
1946 1902 2159 1985 reyulss
2201 1922 2506 1965 memus
2533 1902 2842 1964 seniorum.

601 1989 778 2050 Unde
824 1990 1201 2052 manifestum
1250 1999 1363 2066 est,
1426 1993 1637 2054 Scotos
1681 1994 1816 2055 illos
1862 1995 2312 2073 peregrinantes
2354 2011 2732 2070 nequaquam
2777 1998 2846 2051 ut

602 2080 953 2159 apostolum,
1000 2082 1104 2157 qui
1156 2080 1483 2163 „quibusvis
1526 2082 1792 2163 quidvis“
1843 2088 1990 2156 erat,
2037 2082 2410 2160 evangelium
2454 2081 2843 2160 praedicasse,

599 2169 708 2228 sed
752 2168 971 2246 potius,
1017 2170 1239 2248 quippe
1268 2171 1373 2247 qui
1403 2172 1678 2231 monachi
1707 2178 1922 2245 essent,
1967 2173 2244 2232 maluisse
2273 2169 2336 2231 in
2365 2168 2600 2231 desertis
2629 2168 2842 2239 sedere,

599 2276 781 2333 quam
827 2264 1133 2318 versantes
1178 2260 1244 2318 in
1282 2266 1453 2319 coetu
1482 2260 1786 2321 hominum
1817 2262 2270 2338 frequentiaque
2299 2266 2541 2319 strenue
2570 2260 2842 2321 laborare

596 2347 665 2405 in
710 2348 1073 2424 corrigendis
1119 2350 1270 2409 aliis.

776 2436 1089 2515 Pei-pauca
1118 2438 1309 2517 igitur
1338 2446 1477 2499 sunt
1508 2439 1890 2502 dissensionis
1919 2438 2280 2511 testimonia,
2323 2438 2640 2517 permulta,
2687 2459 2838 2516 quae

598 2527 983 2604 comprobent
1026 2527 1377 2588 Columbam
1424 2535 1485 2588 et
1530 2549 1684 2601 suos,
1733 2529 2000 2605 quamv-is
2048 2527 2268 2588 diversi
2313 2527 2538 2586 fuerint
2581 2530 2660 2588 ab
2705 2526 2840 2587 aliis

594 2615 866 2675 nonnulli
912 2635 1115 2676 eorum
1161 2638 1371 2691 mores,
1419 2625 1621 2692 tamen
1665 2619 1784 2677 fide
1828 2635 2206 2696 nequaquam
2244 2633 2436 2693 neque
2467 2634 2732 2694 unquam
2761 2617 2839 2675 ab

593 2704 827 2764 unitate
874 2706 1167 2766 catholica
1212 2707 1573 2767 dissensisse.

770 2795 818 2852 J
819 2813 925 2852 ure
986 2793 1223 2870 quidem
1284 2796 1448 2855 dicat
1506 2796 1758 2855 fortasse
1805 2795 2100 2873 quispiam
2145 2796 2218 2854 de
2264 2794 2388 2855 sola
2431 2793 2552 2852 fide
2595 2801 2836 2852 sanctae

594 2882 915 2943 Trinitatis
961 2881 1309 2941 Columbam
1368 2883 1613 2955 dixisse,
1672 2903 1803 2942 cum
1858 2904 2077 2962 papam
2123 2887 2323 2942 oraret
2376 2900 2520 2961 „per
2560 2879 2836 2942 navitatem

569 2970 730 3054 fidei
768 2979 1020 3042 nostrae,
1066 2990 1213 3052 quae
1254 2969 1495 3030 invzeem
1534 2976 1650 3030 est“
1689 2974 1808 3050 (ep.
1845 2973 1901 3044 1,
1945 2993 2002 3050 p.
2037 2973 2122 3030 24
2153 2971 2254 3047 E).
2331 2968 2453 3029 Sed
2484 2971 2629 3048 quid
2657 2971 2836 3042 dicat,

592 3063 645 3122 si
688 3060 897 3119 audiat
929 3060 1277 3120 Columbam
1324 3060 1616 3118 dicentem
1661 3060 1739 3118 ad
1785 3066 1988 3139 patres
2034 3059 2245 3138 synodi
2276 3063 2393 3138 (ep.
2429 3062 2486 3133 2,
2518 3082 2576 3139 Ρ.
2610 3060 2694 3118 25
2721 3058 2834 3137 (ἦε

592 3148 791 3230 capiat
832 3167 938 3208 nos
983 3146 1187 3219 simul,
1234 3168 1354 3221 ore,
1405 3143 1635 3219 Gallia,
1681 3167 1826 3229 quos
1869 3147 2058 3228 capiet
2101 3168 2346 3229 νθφωτη
2389 3145 2684 3208 coelorum
2726 3193 2741 3208 .
2765 3171 2788 3208 ².
2821 3193 2836 3208 .

602 3233 802 3297 Unum
846 3235 998 3295 enim
1040 3256 1283 3318 reqnum
1328 3234 1606 3298 habemus
1649 3246 1702 3297 et
1741 3257 1928 3296 unam
1956 3255 2119 3317 spem
2147 3235 2460 3297 vocationis
2487 3235 2552 3296 in
2587 3233 2832 3310 ΟΙινίθιο,

592 3332 653 3386 et
698 3327 775 3385 ad
822 3326 1057 3385 eosdem
1101 3347 1158 3404 p.
1210 3327 1289 3384 26
1333 3325 1421 3384 E:
1465 3325 1639 3385 unius
1683 3324 1838 3386 enim
1882 3345 2084 3386 sumus
2128 3324 2392 3406 cmpom's
2436 3323 2829 3386 comnwmbra

588 3413 709 3473 sive
756 3409 927 3474 Galli
967 3413 1085 3474 sive
1127 3411 1416 3475 Britanni
1456 3413 1572 3474 sive
1619 3412 1781 3474 Ibem·
1819 3413 1935 3475 sive
1979 3435 2236 3496 quaeque
2276 3423 2467 3494 yentes
2500 3458 2517 3473 .
2551 3458 2564 3473 .
2597 3407 2654 3472 ..P
2725 3412 2830 3472 An

591 3507 869 3581 putemus
908 3523 1057 3577 eum,
1106 3503 1209 3580 qui
1237 3503 1600 3562 haereticum
1632 3523 1756 3563 esse
1780 3504 2158 3578 judicaverit,
2190 3504 2528 3581 quicunque
2561 3502 2657 3562 Sti
2681 3501 2834 3561 ‘Hie-

589 3590 823 3667 ronymi
866 3593 1284 3652 auctoritatem
1321 3592 1562 3650 laeserit
1593 3594 1710 3670 (ep.
1744 3591 1802 3665 5,
1848 3613 1905 3670 Ρ.
1940 3594 2022 3652 32
2057 3591 2180 3670 Gr),-
2203 3592 2595 3652 inconsultius
2627 3597 2836 3652 coacta

589 3679 909 3760 projecisse
966 3680 1070 3739 illa
1130 3681 1313 3740 verba
1330 3679 1359 3737 P
1452 3680 1573 3753 Qui
1630 3700 1772 3741 vero
1827 3680 2203 3740 nihilosecius
2248 3681 2513 3752 dubitat,
2573 3679 2830 3756 benigne

591 3769 693 3844 eis,
742 3788 895 3845 quae
939 3773 1282 3846 sequuntur,
1327 3767 1557 3828 tribuat
1603 3789 1823 3828 aurem.

768 3857 1024 3917 Maxime
1080 3858 1236 3917 enim
1290 3857 1603 3935 perspicua
1647 3857 1718 3917 fit
1763 3860 2026 3935 perfecta
2072 3859 2177 3916 illa
2220 3857 2361 3917 fidei
2405 3857 2606 3916 unitas
2649 3855 2714 3914 in
2759 3876 2832 3916 ea

588 3947 719 4026 ipsa
762 3967 845 4022 re,
892 3947 965 4006 de
1013 3967 1131 4024 qua
1176 3945 1598 4007 dissensionem
1643 3945 1843 4023 potius
1889 3967 1996 4004 nos
2040 3946 2388 4007 inventuros
2433 3967 2559 4006 esse
2590 3951 2828 4024 putare·

587 4056 735 4109 mus,
780 4037 833 4095 si
876 4036 1020 4114 ipsis
1066 4035 1337 4114 epistulis
1382 4056 1501 4094 non
1546 4034 1718 4093 lectis
1747 4032 2020 4094 Ebrardo
2069 4041 2132 4094 et
2177 4069 2261 4082 —-
2306 4035 2453 4111 quid
2497 4034 2690 4111 magis
2722 4034 2827 4092 mi·

587 4126 838 4184 randum
869 4125 1003 4185 est?
1030 4159 1113 4170 --
1137 4125 1255 4202 ipsi
1277 4123 1593 4182 Warrenio
1625 4126 1706 4200 (p.
1742 4124 1822 4182 37
1849 4128 2004 4202 sqq.)
2035 4124 2212 4184 fidem
2243 4125 2718 4200 adjungeremuS,
2741 4157 2831 4168 —

586 4215 814 4273 scilicet
857 4213 920 4271 in
964 4213 1057 4285 iis,
1104 4233 1254 4290 quae
1300 4212 1374 4271 de
1419 4212 1773 4270 auctoritate
1817 4233 2010 4291 papae
2051 4211 2340 4272 Columba
2388 4211 2660 4290 epistulis
2705 4212 2830 4272 suis

586 4302 809 4377 injecit,
856 4303 1071 4362 verbis.
1147 4303 1301 4362 Nam
1348 4320 1463 4378 quo
1510 4300 1730 4359 certius
1777 4307 1868 4360 est
1913 4303 2012 4377 (cf.
2041 4301 2317 4379 Loening
2359 4300 2448 4375 ΙΙ,
2495 4322 2554 4380 p.
2586 4301 2718 4358 418
2767 4307 2830 4360 et
