3167 4900
1184 252 1616 309 ...95-

278 451 338 508 p.
390 426 553 488 69—
567 431 603 486 7
612 430 677 503 2)
726 428 1033 507 episcopos
1076 430 1382 488 Romanos
1426 449 1522 502 ea,
1580 429 1656 487 de
1703 448 1820 506 qua
1865 428 2094 506 agimus
2137 433 2352 501 aetate,
2399 428 2520 487 effi-

280 536 477 577 cacem
522 518 905 577 occidentalis
946 518 1164 578 nedum
1195 518 1381 578 totius
1410 518 1688 577 ecclesiae
1718 517 2118 595 principatum
2147 536 2521 595 nequaquam

282 606 633 679 obtinuisse,
697 626 766 665 eo
822 606 1019 666 minus
1077 607 1285 685 negari
1328 613 1529 685 potest
1572 628 1700 680 eos,
1761 606 1863 684 qui
1908 606 2309 685 principatum
2353 606 2518 663 illum

280 695 577 775 episcopis
620 694 911 754 Romanis
970 696 1269 767 tribuant,
1329 696 1441 755 hac
1492 696 1624 773 ipsa
1677 716 1742 753 re
1797 694 2106 755 manifeste
2150 695 2415 753 indicare
2461 714 2521 753 se

280 804 404 845 esse
464 790 528 842 et
581 784 733 843 velle
787 803 914 843 esse
966 784 1292 863 participes
1346 785 1547 857 uniuS,
1614 790 1794 863 prout
1846 790 1992 842 tunc
2043 784 2523 861 intellegebatur,

278 879 521 933 sanctae
575 872 853 932 ecclesiae
907 872 1249 933 catholicae.
1341 873 1507 932 Talis
1552 880 1685 933 erat
1729 872 2035 933 Columba.
2126 872 2321 931 Claris
2365 871 2523 930 enim

276 961 495 1033 verbis,
542 960 911 1034 clarioribus,
956 982 1135 1039 quam
1178 962 1336 1021 ullus
1367 962 1704 1039 aequalium
1736 963 1879 1037 ejus,
1925 959 2325 1039 principatum
2357 960 2520 1019 illum

278 1051 555 1128 episcopo
600 1049 875 1109 Romano
926 1051 1221 1113 attribuit.
1311 1050 1447 1109 Hoc
1500 1071 1573 1109 ex
1627 1051 1758 1128 ipsa
1811 1050 1915 1107 illa
1971 1050 2374 1109 controversia
2419 1068 2522 1127 pa·

278 1137 463 1198 schali
504 1138 969 1198 luculentissime
1014 1146 1281 1217 apparet.

458 1224 827 1299 columbam,
872 1248 1007 1287 cum
1052 1227 1429 1305 cognovisset
1456 1227 1722 1287 Francos
1754 1228 2009 1288 Victorii
2056 1228 2217 1304 cyclo
2259 1226 2525 1304 paschali

278 1320 519 1376 utentes
563 1314 637 1373 de
682 1316 1097 1394 computandis
1125 1317 1295 1376 festis
1322 1316 1531 1375 diebus
1562 1316 1938 1395 paschalibus
1965 1336 2163 1375 secum
2194 1314 2525 1385 dissentire,

281 1424 447 1463 suam
500 1404 886 1465 traditionem
940 1425 1143 1465 veram
1199 1410 1380 1481 atque
1434 1404 1786 1464 catholicam
1832 1405 2132 1483 putavisse
2179 1423 2357 1481 supra
2397 1406 2524 1478 jam

280 1492 553 1552 vidimus.
644 1492 864 1553 Fretus
926 1493 1115 1570 igitur
1174 1492 1517 1553 traditionis
1580 1514 1722 1553 suae
1785 1495 2040 1555 veritate
2099 1492 2228 1570 ipse
2292 1498 2524 1551 contro-

279 1581 509 1639 versiae
553 1589 790 1641 causam
833 1583 1095 1641 inferens
1119 1580 1486 1658 Gregorium
1523 1602 1742 1661 papam
1772 1602 1882 1661 per
1909 1582 2142 1641 litteras
2171 1580 2526 1659 appellavit:

290 1667 528 1742 „miv-or,
556 1667 775 1751 fateor,
820 1670 1035 1747 inquit,
1082 1689 1121 1729 a
1164 1676 1217 1731 te
1246 1667 1398 1729 hunc
1431 1664 1667 1731 Galliae
1694 1688 1949 1731 errorem
1981 1712 1995 1728 .
2028 1714 2042 1728 .
2077 1715 2090 1730 .
2110 1665 2249 1749 jam
2277 1666 2382 1727 diu
2411 1686 2527 1727 non

263 1756 457 1839 faisse
500 1776 726 1829 rasum,
771 1757 889 1819 nisi
897 1757 1063 1839 fone
1082 1767 1303 1841 putem,
1332 1757 1493 1839 quod
1520 1757 1622 1818 miz
1649 1757 1882 1819 credere
1898 1776 2164 1838 possum,
2210 1756 2356 1816 dam
2395 1774 2528 1816 eam

284 1854 507 1905 canstat
546 1866 589 1905 a
630 1855 685 1905 te
725 1866 847 1909 non
872 1846 1065 1927 fitisse
1108 1846 1494 1918 mandatum,
1539 1846 1708 1925 apud
1743 1855 1798 1906 te
1827 1865 1944 1906 6886
1959 1844 2284 1926 probatum
2313 1845 2434 1923 (ep.
2469 1844 2526 1915 5,

286 1956 343 2013 p.
392 1936 474 1993 32
524 1934 600 2011 G)
646 1978 661 1994 .
694 1979 709 1993 .
741 1977 756 1994 .
797 1944 899 1995 aut
941 1955 1155 1996 emensa
1200 1943 1303 1995 aut
1344 1935 1573 1997 damna
1633 1931 1954 1995 Victor-ium
1997 1935 2102 2010 (ib.
2148 1933 2243 2009 F).
2318 1933 2528 2008 Neque

286 2026 439 2083 hanc
496 2023 864 2099 dijudicandi
920 2030 1280 2103 potestatem
1340 2044 1533 2103 papae
1588 2044 1710 2083 non
1754 2024 2036 2084 attribuit
2080 2020 2196 2080 nisi
2241 2020 2524 2099 quamdin

288 2114 557 2193 speravit
601 2114 755 2186 fore,
800 2120 869 2173 ut
915 2134 1075 2191 papa
1119 2134 1157 2172 a
1202 2132 1308 2171 sua
1352 2118 1525 2194 parte
1568 2119 1777 2186 staret,
1823 2113 2002 2171 immo
2046 2117 2362 2189 postquam
2409 2108 2528 2168 sibi

286 2202 583 2281 persuasit
641 2202 923 2263 ecclesiae
969 2202 1275 2261 Romanae
1328 2201 1815 2261 consuetudinem
1873 2200 2118 2260 eandem
2175 2220 2300 2258 esse
2346 2204 2528 2275 atque

288 2289 618 2363 Gallorum,
662 2295 807 2349 tunc
850 2291 1195 2350 facultatem
1241 2290 1628 2367 permanendi
1671 2290 1736 2349 in
1781 2309 1889 2350 sua
1934 2288 2258 2347 traditione
2303 2308 2338 2345 a
2367 2306 2527 2363 papa

288 2379 404 2440 sibi
458 2378 857 2456 quaerendam
904 2398 1027 2439 esse
1074 2392 1317 2439 censens
1362 2378 1669 2437 Bonifatio
1716 2398 1908 2458 papae
1955 2377 2214 2456 scripsit:
2280 2374 2369 2450 „si
2387 2392 2528 2434 ,ηοπ

286 2467 695 2552 ccmtrafldem
724 2476 823 2538 est,
850 2477 1185 2529 nostrorum
1212 2467 1588 2528 molitionem
1609 2467 1850 2528 robores
1871 2466 2180 2537 senimwn,
2211 2483 2325 2544 qao
2346 2462 2528 2522 n'twm

279 2554 537 2637 paschae
572 2555 719 2616 sv‘cut
746 2556 1071 2638 accepimus
1100 2576 1141 2615 a
1170 2553 1490 2637 majoribus
1520 2554 1824 2616 observare
1843 2574 1975 2634 per
2017 2563 2208 2613 tuum
2226 2549 2530 2631 possimus

271 2642 633 2727 judicium
691 2644 753 2704 in
810 2654 1013 2705 nostra
1065 2643 1567 2726 pereffluatione⁶⁶
1622 2647 1740 2724 (ep.
1794 2646 1846 2717 1,
1892 2664 1950 2721 p.
1999 2643 2085 2702 24
2128 2642 2226 2718 F).
2318 2641 2528 2716 Neque

284 2735 411 2793 ulla
467 2741 611 2794 tunc
668 2734 732 2792 in
788 2734 987 2794 sedem
1042 2734 1428 2812 apostolicam
1483 2735 1871 2793 exacerbatus
1925 2737 2058 2791 erat
2100 2729 2529 2808 indignatione,

287 2823 469 2883 etiam
514 2829 659 2882 tune
701 2823 983 2902 cupiebat
1026 2843 1222 2883 omnes
1265 2821 1393 2882 sedi
1432 2819 1784 2902 apostolicae
1800 2819 2218 2901 praesidentes,
2265 2815 2528 2878 dulcissi-

288 2931 415 2972 mos
474 2909 737 2971 omnihus
773 2908 1075 2994 praesules
1098 2908 1408 2995 fidelibus,
1455 2931 1527 2970 ac
1570 2910 1774 2971 mer-120
1821 2905 2122 2992 apostolici
2161 2904 2396 2966 honoris
2440 2923 2527 2963 re-

289 2999 731 3060 verendissime
778 3009 987 3079 patres
1043 2997 1277 3059 visitare
1321 2999 1489 3075 (ibid.
1533 3000 1640 3075 D).
1729 2999 1896 3075 Ergo
1951 3017 2070 3055 non
2115 2995 2394 3055 simulata
2439 2997 2531 3052 est

287 3089 625 3150 reverentia
684 3089 815 3162 illa,
876 3108 994 3165 qua
1054 3094 1379 3147 commotus
1440 3087 1747 3147 Bonifatio
1808 3105 2000 3164 papae
2059 3082 2378 3161 epistulam
2439 3081 2528 3139 in·

288 3179 531 3257 scripsit
576 3184 645 3237 ut
676 3173 1080 3256 pulcherrimo
1126 3175 1389 3236 omnium
1416 3173 1590 3235 totius
1622 3171 1904 3254 Europae
1932 3169 2302 3232 ecclesiarum
2331 3167 2528 3248 capiti,

284 3285 483 3350 papae
489 3255 823 3347 praedzdci,
834 3262 1141 3345 praecelso
1158 3261 1440 3345 praesuli,
1451 3271 1772 3343 pas-comm
1779 3261 2018 3344 pastori
2037 3264 2153 3339 (ep.
2171 3260 2230 3333 4,
2253 3281 2312 3336 p.
2333 3259 2415 3316 28
2429 3257 2530 3333 E),

284 3375 429 3434 ergo
476 3375 599 3416 non
644 3355 953 3414 blanditiis
996 3375 1139 3414 usus
1187 3387 1265 3398 —-
1315 3354 1583 3431 profecto
1631 3353 1918 3412 Columba
1964 3371 2084 3409 non
2129 3350 2180 3408 is
2227 3351 2380 3420 erat,
2428 3345 2533 3423 qui

286 3444 665 3506 blandiretur
706 3479 796 3490 —
850 3440 1073 3516 „libera
1119 3443 1333 3519 inquit,
1380 3439 1618 3523 eloquar
1665 3441 1884 3519 [papis]
1915 3437 2127 3499 nostris
2166 3444 2361 3516 utpote
2403 3453 2529 3494 ma-

285 3532 497 3615 qistm‘s
528 3552 599 3592 ac
644 3529 965 3612 sffiritwlis
1008 3529 1175 3591 navis
1215 3527 1732 3612 yubewzatodbuffl
1783 3528 1890 3606 (ib.
1939 3529 2024 3586 28
2071 3526 2172 3603 G),
2225 3545 2368 3602 ergo
2415 3544 2532 3583 non

286 3623 433 3682 ficta
478 3627 606 3681 erat
650 3620 1029 3681 oboedientia
1072 3619 1355 3680 dicentis:
1410 3639 1552 3692 „nos
1596 3617 1751 3678 ere-im
1794 3611 1907 3676 SS.
1948 3613 2117 3676 Pam·
2158 3622 2210 3674 et
2254 3610 2440 3672 Pauli
2481 3609 2534 3672 et

284 3708 555 3772 'annium
596 3707 1023 3789 dascipalorum
1067 3707 1333 3769 dinanum
1376 3726 1655 3768 canonem
1685 3701 1913 3787 &tritu
1941 3713 2138 3766 saneto
2167 3699 2536 3763 scribentium

289 3797 567 3882 discipuli
606 3818 827 3869 sumus,
869 3796 975 3858 toti
1001 3795 1225 3858 I'Ieberi
1267 3797 1377 3876 [π
1408 3816 1611 3855 omnes
1639 3795 1939 3872 Hiberni],
1971 3790 2162 3852 ultimi
2187 3788 2534 3850 habitatores

289 3885 504 3948 mundi
520 3883 667 3946 nihil
686 3895 853 3948 extra
875 3884 1263 3967 evanqelicam
1285 3893 1337 3944 et
1359 3880 1742 3964 apostolicam
1762 3881 2092 3943 doctrinam
2111 3877 2441 3958 recipientes
2455 3921 2472 3937 .
2487 3919 2501 3934 .
2515 3917 2532 3935 .

267 3976 430 4060 fides
476 3972 759 4036 catholica
800 3974 948 4036 siem
990 3995 1031 4034 a
1059 3973 1217 4034 vobi-3
1236 3973 1509 4054 pmnum
1536 3981 1872 4033 sanctorum
1898 3967 2112 4029 scilicet
2133 3963 2534 4050 apostoloram

291 4061 710 4126 accessoribus
768 4062 989 4124 tradita
1048 4072 1130 4124 est
1192 4063 1375 4142 [apud
1435 4063 1567 4139 nos]
1615 4059 1955 4119 inconeussa
1999 4063 2215 4117 tenetur
2233 4054 2258 4090 1
2306 4055 2424 4131 (ep.
2473 4053 2532 4126 4,

438 4206 461 4238 ¹
500 4201 798 4272 Quomodo
825 4200 1117 4255 Ebrardus
1158 4201 1237 4268 (p.
1267 4200 1359 4268 15)
1396 4197 1457 4252 in
1492 4197 1581 4252 his
1619 4196 1805 4250 verbis
1838 4193 2222 4250 testimonium
2248 4188 2535 4244 invenerit

292 4277 435 4345 „fiir
469 4276 571 4330 das
606 4272 1061 4329 ausschliessliche
1085 4270 1334 4326 Amehen
1370 4271 1466 4324 der
1503 4269 1575 4324 hl.
1600 4266 1866 4335 Schrift“,
1905 4283 2019 4320 non
2056 4264 2344 4332 intellego.
2410 4259 2532 4342 Ad·

291 4348 405 4402 huc
450 4347 602 4400 enim
649 4349 877 4398 nostrae
928 4343 1133 4398 aetatis
1187 4340 1453 4396 catholici
1504 4340 1707 4394 iisdem
1743 4337 1930 4392 verbis
1967 4337 2052 4392 uti
2088 4336 2352 4404 possunt,
2400 4347 2536 4400 quia
