3167 4900
1192 204 1624 261 -95-

288 402 347 457 Ρ.
399 376 687 453 69-72)
734 379 1042 458 episcopos
1086 380 1389 440 Romanos
1434 400 1530 454 ea,
1591 381 1664 440 de
1711 400 1829 458 qua
1873 380 2103 457 agimus
2147 387 2360 454 aetate,
2408 381 2530 439 effi-

290 488 483 527 cacem
530 468 913 527 occidentalis
955 469 1173 529 nedum
1204 470 1389 529 totius
1420 470 1696 530 ecclesiae
1727 469 2125 547 principatum
2155 490 2529 547 nequaquam

290 557 643 629 obtinuisse,
705 577 775 615 eo
830 556 1027 617 minus
1087 559 1293 635 negari
1337 564 1537 637 potest
1580 579 1708 631 eos,
1769 557 1872 635 qui
1916 558 2318 638 principatum
2361 559 2528 617 illum

289 644 585 725 episcopis
628 646 918 704 Romanis
977 647 1278 720 tribuant,
1338 648 1449 707 bac
1500 648 1632 725 ipsa
1685 668 1750 707 re
1805 646 2114 706 manifeste
2158 648 2423 705 indicare
2469 668 2530 705 se

288 754 412 794 esse
472 740 535 793 et
590 735 741 793 velle
796 754 921 793 esse
974 736 1301 814 participes
1355 737 1571 809 unius,
1622 743 1803 815 prout
1855 743 1999 795 tuno
2052 737 2530 813 intellegebatur,

288 830 529 883 sanctae
584 823 861 883 ecelesiae
915 824 1257 884 catholicae.
1348 824 1515 885 Talis
1560 832 1692 885 erat
1737 824 2042 884 Columba.
2135 824 2329 883 Olaris
2373 824 2530 882 enim

284 911 503 983 verbis,
550 910 917 985 clarioribus,
964 933 1142 989 quam
1185 914 1343 973 ullus
1376 914 1709 989 aequalium
1744 916 1886 988 ejus,
1931 912 2334 992 principatum
2364 913 2530 971 illum

285 1001 563 1078 episcopo
608 999 881 1060 Romano
934 1002 1229 1062 attribuit.
1319 1002 1455 1060 Hoc
1508 1023 1581 1061 ex
1634 1003 1766 1081 ipsa
1819 1003 1924 1059 illa
1978 1003 2382 1062 controversia
2426 1022 2529 1079 pa-

285 1088 471 1147 schali
512 1089 977 1149 luculentissime
1022 1097 1289 1169 apparet.

465 1176 835 1250 columbam,
880 1198 1015 1237 cum
1060 1178 1435 1257 cognovisset
1464 1178 1730 1239 Francos
1761 1180 2017 1240 Victorii
2063 1180 2224 1256 cyclo
2265 1179 2531 1257 paschali

284 1270 526 1325 utentes
571 1264 645 1323 de
690 1267 1103 1345 computandis
1132 1268 1303 1327 festis
1330 1266 1537 1326 diebus
1569 1268 1944 1346 paschalibus
1974 1288 2171 1327 secum
2201 1267 2530 1338 dissentire,

288 1374 455 1414 suam
509 1354 894 1415 traditionem
947 1376 1151 1415 veram
1206 1361 1387 1433 atque
1442 1356 1792 1417 catholicam
1838 1358 2140 1435 putavisse
2185 1376 2364 1435 supra
2403 1358 2531 1431 jam

286 1442 561 1501 vidimus.
652 1442 871 1503 Fretus
931 1443 1123 1521 igitur
1181 1444 1525 1503 traditionis
1588 1466 1730 1505 suae
1791 1447 2048 1507 veritate
2106 1446 2234 1523 ipse
2299 1450 2532 1503 contro-

284 1531 515 1589 versiae
560 1539 797 1591 causam
840 1534 1103 1592 inferens
1127 1530 1490 1609 Gregorium
1530 1554 1748 1611 papam
1778 1555 1890 1612 per
1917 1534 2148 1593 litteras
2179 1532 2534 1611 appellavit:

296 1617 537 1691 „mia-or,
563 1617 781 1701 fateor,
827 1621 1043 1698 inquit,
1088 1640 1128 1679 a
1172 1628 1225 1683 te
1254 1618 1405 1679 huno
1438 1615 1674 1682 Galliae
1701 1640 1956 1683 errorem
1987 1665 2001 1680 .
2035 1666 2048 1680 .
2070 1644 2098 1682 ’.
2117 1617 2256 1701 jam
2283 1620 2390 1680 diu
2417 1640 2534 1680 non

268 1706 463 1789 faisse
506 1727 734 1780 rasum,
763 1708 895 1769 ‘nisi
905 1707 1069 1790 forte
1090 1718 1311 1791 pedm,
1340 1709 1500 1791 quod
1527 1709 1628 1771 vim
1657 1709 1888 1771 credere
1905 1728 2170 1789 possum,
2217 1707 2362 1768 dum
2402 1726 2535 1769 eum

288 1804 513 1865 constat
554 1816 595 1855 a
637 1805 691 1856 te
731 1817 853 1859 non
878 1796 1071 1879 fhisse
1115 1798 1501 1869 emendatum,
1546 1798 1714 1877 apud
1750 1807 1804 1858 te
1833 1816 1950 1858 esse
1965 1796 2291 1878 probatum
2321 1798 2440 1875 (ep.
2475 1796 2532 1869 5,

291 1907 349 1963 p.
397 1886 481 1943 32
530 1885 607 1962 G)
653 1928 667 1944 .
700 1930 717 1943 .
747 1928 763 1945 .
804 1895 905 1946 aut
948 1906 1161 1947 eoeeasa
1206 1895 1309 1947 aut
1352 1886 1579 1947 damna
1639 1882 1960 1947 Viam-ium
2003 1886 2108 1963 (ib.
2154 1886 2249 1961 F).
2325 1886 2534 1961 Neque

292 1976 445 2033 hanc
503 1974 871 2049 dijudicandi
926 1981 1287 2053 potestatem
1345 1995 1539 2054 papae
1595 1995 1716 2035 non
1759 1976 2042 2036 attribuit
2086 1974 2201 2033 nisi
2247 1973 2532 2050 quamdin

294 2064 563 2143 speravit
606 2064 761 2136 fore,
806 2070 876 2123 ut
922 2084 1081 2141 papa
1126 2085 1163 2124 a
1208 2084 1315 2123 sua
1358 2070 1532 2146 parte
1574 2071 1783 2138 staret,
1830 2065 2006 2122 immo
2051 2069 2370 2141 postquam
2416 2061 2532 2121 sibi

290 2152 589 2231 persuasit
647 2152 931 2213 ecclesiae
975 2152 1281 2211 Romanae
1336 2153 1820 2213 consuetudinem
1879 2153 2125 2211 eandem
2181 2172 2306 2211 esse
2352 2156 2534 2228 atque

293 2240 623 2313 Gallorum,
668 2247 812 2299 tunc
856 2242 1201 2301 facultatem
1246 2242 1632 2319 permanendi
1677 2242 1742 2301 in
1788 2262 1894 2301 sua
1939 2241 2262 2301 traditione
2309 2260 2344 2297 a
2374 2259 2532 2316 papa

294 2329 409 2390 sibi
462 2329 863 2405 quaerendam
910 2350 1034 2390 esse
1080 2343 1323 2389 censens
1368 2330 1675 2390 Bonifatio
1722 2351 1914 2409 papae
1961 2329 2220 2407 scripsit:
2286 2326 2376 2402 „si
2393 2346 2534 2387 Awn

292 2416 699 2502 cmoerafldem
730 2425 827 2489 est,
856 2427 1191 2480 nostrorum
1218 2417 1592 2479 traditionem
1615 2417 1856 2479 robores
1877 2417 2186 2491 semim-mn,
2217 2436 2331 2498 qao
2353 2414 2533 2474 vitam

284 2504 542 2586 paschae
578 2505 725 2566 siout
752 2507 1077 2588 accepimus
1106 2527 1146 2566 a
1176 2504 1496 2588 majoribus
1526 2505 1828 2568 observare
1849 2526 1980 2586 per
2023 2515 2214 2566 tuum
2232 2503 2536 2584 possimus

276 2593 638 2678 judicium·
696 2593 759 2654 in
816 2605 1020 2656 nostra
1070 2593 1573 2676 pereyo-inam&
1628 2598 1745 2675 (ep.
1799 2597 1852 2668 1,
1898 2617 1956 2673 p.
2005 2595 2089 2654 24
2133 2594 2232 2671 F).
2324 2593 2534 2669 Neque

290 2685 417 2744 ulla
472 2691 617 2745 tunc
674 2685 739 2742 in
794 2685 993 2744 sedem
1049 2685 1434 2762 apostolicam
1488 2687 1876 2744 exacerbatus
1931 2689 2062 2743 erat
2106 2681 2534 2760 indignatione,

292 2773 475 2832 etiam
520 2779 663 2832 tunc
708 2775 988 2852 cupiebat
1032 2793 1227 2834 omnes
1271 2772 1398 2834 sedi
1438 2771 1788 2854 apostolicae
1805 2771 2223 2852 praesidentes,
2271 2767 2532 2830 dalmasi-

293 2882 419 2922 mos
479 2860 743 2921 omnibus
778 2859 1079 2944 praesules
1104 2859 1413 2946 fidelibus,
1460 2882 1531 2921 ao
1575 2861 1779 2922 mereto
1825 2858 2128 2944 apostolici
2166 2857 2402 2918 honoris
2445 2876 2531 2916 re-

294 2949 737 3030 verendissimos
782 2959 993 3030 patres
1048 2949 1283 3010 visitare
1326 2951 1494 3027 (ibid.
1538 2952 1644 3027 D).
1734 2952 1900 3026 Ergo
1956 2969 2076 3008 non
2121 2948 2399 3007 simulata
2444 2951 2536 3004 est

291 3039 629 3102 reverentia
688 3040 820 3113 illa,
882 3060 999 3116 qua
1058 3044 1385 3097 commotus
1444 3038 1752 3097 Bonifatio
1813 3058 2006 3115 papae
2067 3035 2382 3114 epistulam
2444 3033 2532 3090 in-

292 3129 537 3207 scripsit
579 3135 649 3188 ut
681 3125 1085 3206 pulcherrimo
1132 3125 1394 3186 omnium
1422 3124 1592 3186 totius
1627 3123 1908 3206 Earqoae
1937 3122 2306 3184 ecclesiarum
2337 3120 2533 3200 capiti,

288 3236 487 3300 papae
495 3205 827 3297 praedzdoi,
838 3213 1146 3296 praecelso
1162 3211 1444 3295 praesuli,
1455 3223 1776 3294 pastorum
1783 3213 2024 3295 pastori
2043 3215 2157 3290 (ep.
2176 3211 2234 3284 4,
2259 3232 2316 3288 p.
2338 3211 2419 3268 28
2435 3209 2534 3286 E),

290 3326 433 3384 ergo
482 3325 603 3364 non
648 3306 957 3365 blanditiis
1000 3325 1143 3364 unus
1192 3338 1269 3350 —
1320 3305 1588 3382 profecto
1635 3303 1923 3363 Columba
1968 3322 2090 3360 non
2133 3301 2184 3360 is
2231 3303 2384 3371 erat,
2433 3299 2536 3376 qui

291 3395 669 3456 blandiretur
709 3429 801 3440 -—
855 3391 1077 3468 „libera
1123 3393 1338 3470 inquit,
1384 3389 1622 3474 eloquar
1669 3392 1888 3470 [papis]
1919 3388 2132 3451 nostm's
2171 3396 2365 3468 utpote
2407 3405 2534 3446 ma·
2586 3423 2592 3430 -

291 3482 501 3565 yis'tm‘s'
534 3502 604 3542 ac
648 3480 969 3563 spiritualis
1012 3481 1179 3542 navis
1220 3478 1736 3563 yubernatoribus“
1788 3481 1894 3558 (ib.
1943 3480 2028 3538 28
2075 3477 2176 3553 G),
2231 3497 2372 3554 ergo
2419 3495 2536 3535 non

292 3573 436 3632 ficta
481 3578 610 3632 erat
655 3572 1031 3632 oboedientia
1076 3572 1359 3631 dicentis:
1414 3590 1556 3644 „nos
1601 3568 1755 3630 em'm
1798 3563 1910 3629 SS.
1952 3565 2121 3628 Pam·
2163 3574 2214 3626 et
2258 3562 2444 3624 Pauli
2485 3572 2538 3624 et

291 3659 559 3722 'omnium
602 3659 1027 3739 discipulorum
1071 3658 1337 3720 diaednum
1380 3677 1658 3718 canonem
1688 3653 1916 3738 &wita
1945 3652 2142 3717 sancto
2171 3652 2540 3716 scribentium

296 3747 571 3832 discipuli
610 3769 830 3819 sumus,
873 3746 979 3807 toti
1004 3745 1228 3808 Heberi
1271 3748 1381 3826 [-----
1412 3766 1614 3806 omnes
1643 3747 1942 3824 Hiberni]‚
1974 3742 2166 3804 ultimi
2190 3741 2539 3802 habitatores

295 3835 509 3897 mundi
525 3833 671 3897 nihil
690 3845 857 3898 extra
879 3833 1267 3916 evangelicam
1289 3843 1341 3895 et
1363 3831 1747 3914 apostolicam
1766 3833 2096 3894 doctrinam
2115 3829 2445 3910 recipientes
2459 3873 2476 3890 .
2491 3871 2504 3886 .
2519 3869 2536 3888 .

273 3925 435 4009 fides
480 3922 763 3986 catholica
804 3923 951 3986 sicut
994 3944 1034 3983 a
1062 3923 1221 3984 vobis
1238 3923 1512 4004 primum
1539 3931 1875 3983 sanctorum
1903 3919 2116 3981 scilicet
2137 3915 2538 4000 apostoloram

297 4011 714 4074 successoribus
771 4012 993 4074 tradita
1052 4021 1133 4074 est
1196 4013 1381 4092 [apud
1438 4013 1571 4090 nos]
1618 4010 1958 4070 inconcussa
2003 4015 2218 4069 tenetur
2237 4006 2262 4042 1
2309 4008 2427 4083 (ep.
2477 4005 2535 4078 4,

444 4156 467 4190 ¹
505 4151 802 4222 Quomodo
828 4148 1120 4206 Ebrardus
1160 4151 1241 4218 (p.
1271 4151 1362 4218 15)
1399 4149 1460 4202 in
1496 4147 1583 4202 his
1621 4145 1808 4201 verbis
1839 4145 2226 4200 testimonium
2251 4141 2538 4197 invenerit

298 4226 439 4294 „fiir
474 4226 575 4280 das
611 4220 1064 4279 ausschliessliche
1088 4221 1338 4276 Ansehen
1374 4221 1469 4274 der
1506 4219 1577 4274 hl.
1603 4217 1868 4286 Schrift“,
1908 4235 2022 4272 non
2060 4216 2348 4285 intellego,
2413 4212 2536 4294 Ad-

296 4298 409 4352 huc
457 4297 607 4351 enim
653 4299 881 4348 nostrae
932 4295 1135 4350 aetatis
1190 4291 1456 4347 catholici
1507 4290 1710 4344 iisdem
1747 4289 1933 4344 verbis
1970 4289 2055 4344 uti
2091 4289 2354 4356 possunt,
2404 4300 2538 4353 quia
