3167 4900
1214 228 1476 285 -.77
1570 260 1662 274 —-

309 403 557 464 tonibus
602 404 909 463 ordinatos
954 404 1171 463 iterum
1218 404 1495 462 ordinari-
1522 406 1718 482 jussit.
1795 405 1899 465 An
1945 407 2108 465 nulla
2153 409 2274 467 alia
2303 430 2368 467 re
2399 428 2557 467 com·

310 498 511 552 motus
554 500 661 566 est,
708 512 888 569 quam
934 492 1095 568 quod
1140 499 1201 552 et
1230 492 1513 553 Britoncs
1558 500 1626 553 et
1651 493 1817 553 Scoti
1855 492 1918 553 in
1941 492 2167 573 pascha
2197 494 2288 557 vel
2315 506 2560 557 tonsura

314 578 582 641 catholici
622 600 741 652 non
782 590 951 640 eram
996 582 1059 656 (l.
1107 582 1223 657 c.)‘?

484 668 743 747 Recepti
803 690 943 729 vero
1007 669 1071 727 in
1130 687 1439 729 numerum
1498 666 1910 749 episcoporum
1973 678 2034 731 et
2095 675 2436 737 muneribus
2497 681 2558 737 et

308 757 608 835 dignitate
655 759 917 836 episcopi
964 756 1275 817 Scotorum
1318 759 1608 819 Romanis
1653 759 1939 819 simillimi
1983 769 2172 822 erant.
2247 764 2460 824 Nonne
2505 767 2552 825 si

308 848 485 927 apud·
516 845 727 907 Scotos
752 844 1183 925 'episcoporum
1228 868 1441 906 munus
1484 849 1643 907 idem
1689 848 1922 921 fuisset,
1979 856 2160 927 atque
2215 850 2360 923 „das
2403 854 2557 915 eines

307 934 559 997 Pastore
616 956 699 995 an
752 934 911 995 einer
962 936 1459 1016 neuyeyrandeten
1506 931 1824 997 Gemeinde
1883 936 1948 996 in
2001 938 2110 998 dev·
2151 930 2583 1003 Heidenwelffl'

308 1025 591 1101 (Ebrard,
610 1047 669 1104 p.
700 1026 851 1100 169)
876 1025 1053 1083 multi
1080 1026 1144 1083 in
1168 1024 1690 1101 Nordanhymbria
1719 1034 2078 1103 apparerent
2101 1030 2380 1108 episcopi,
2415 1034 2556 1109 quia

302 1117 624 1193 postquam
648 1113 934 1172 Aedanus
962 1113 1027 1173 in
1050 1114 1549 1190 Nordhymbriam
1580 1116 1764 1187 venit,
1795 1111 2058 1175 ecclesiae
2080 1114 2561 1181 construebantur

290 1222 417 1283 per
463 1199 593 1261 loca
636 1196 1187 1262 et'instimbantur
1226 1202 1581 1263 ηιοηαεεενία
1626 1204 1820 1280 (Beda
1868 1205 1924 1276 3,
1974 1206 2032 1277 3,
2077 1207 2114 1283 ἓ
2168 1206 2358 1283 156)?
2435 1209 2554 1269 Sed

304 1292 473 1351 nulla
516 1296 652 1349 erat·
693 1290 757 1349 in
800 1290 933 1349 tota
962 1292 1484 1369 Nordanhymbria
1528 1292 1696 1351 sedes
1743 1292 2095 1371 episcopalis
2139 1302 2380 1371 praeter
2407 1298 2552 1359 Lin-

298 1382 752 1441 disfarnensem.
841 1378 1205 1452 Provinciis,
1261 1400 1381 1439 non
1426 1380 1678 1457 singulis
1725 1382 1986 1441 ecclesiis
2029 1384 2353 1460 praefuisse
2401 1386 2550 1464 epis-

302 1490 485 1549 copos
516 1487 590 1527 ex
620 1488 689 1527 eo
702 1516 707 1519 .
722 1488 957 1545 quoqne
986 1468 1057 1527 fit
1084 1469 1481 1541 manifestum,
1514 1470 1676 1546 quod
1705 1469 1990 1543 Finanus,
2030 1471 2552 1548 Lindisfarnensis,

304 1558 573 1618 Geddum
632 1554 1073 1635 presbyterum,
1136 1578 1311 1635 quem
1371 1559 1852 1634 praedicaturum
1898 1560 2064 1619 misit
2107 1561 2171 1619 in
2218 1560 2553 1623 Orientales

302 1648 591 1719 Saxones,
636 1665 757 1703 non
794 1646 997 1705 statim
1028 1646 1371 1723 episcopum
1404 1649 1790 1719 consecravit,
1835 1650 1940 1707 sed
1970 1655 2097 1708 tum
2127 1649 2378 1723 demum,
2421 1672 2552 1710 cum

300 1738 365 1795 in
432 1740 613 1814 gente
674 1736 781 1794 illa
832 1731 1119 1808 „multam
1159 1731 1425 1798 Domino
1476 1733 1772 1795 ecelesiam
1818 1746 2304 1817 conffleyaveraffl
2358 1740 2552 1816 (Beda

298 1828 360 1884 h.
406 1846 453 1885 e.
514 1826 570 1899 3,
622 1825 727 1897 22,
782 1826 817 1903 ἓ
867 1825 1041 1899 214).
1132 1824 1349 1901 Itaque
1408 1826 1615 1902 negari
1674 1845 1796 1883 non
1855 1831 2054 1902 potest
2111 1846 2318 1886 revera
2381 1827 2550 1887 sedes

300 1914 671 1993 episcopales
702 1919 763 1971 et
792 1912 1103 1992 parochias
1134 1914 1503 1991 episcopales
1530 1914 1713 1973 fuisse
1743 1914 1907 1991 apud
1937 1913 2148 1973 Scotos
2176 1915 2552 1975 Britanniae.

299 2004 597 2063 Attamen
660 2003 841 2061 certis
890 2002 1109 2061 finibus
1153 2002 1411 2063 inclusas
1456 2008 1638 2079 atque
1685 2002 2012 2079 descriptas
2055 2004 2240 2063 fuisse
2287 2006 2549 2082 singulas

297 2092 619 2173 parochias
641 2097 851 2150 contra
872 2090 1218 2167 Brightium
1242 2092 1327 2168 (p.
1356 2092 1483 2149 134
1506 2092 1630 2150 not.
1655 2092 1714 2168 1)
1741 2096 1802 2150 et
1826 2090 2120 2150 Toddium
2148 2094 2446 2169 (Loening
2461 2093 2548 2165 II,

296 2204 361 2260 p.
408 2182 539 2239 413
586 2186 649 2238 et
696 2180 855 2256 445)
897 2180 1257 2239 contendere
1304 2200 1423 2238 non
1468 2180 1684 2253 audeo,
1749 2180 1888 2256 quia
1933 2200 2054 2239 non
2097 2182 2339 2257 ignoro,
2401 2182 2550 2240 illud

294 2269 429 2331 fieri
488 2290 610 2328 non
666 2266 837 2345 posse
882 2268 945 2326 in
990 2269 1237 2347 popule,
1296 2268 1399 2344 qui
1452 2268 1630 2327 fidem
1678 2268 2078 2328 Christianam
2124 2270 2224 2330 vix
2271 2272 2548 2347 suscepit.

476 2358 695 2433 Itaque
740 2358 855 2417 etsi
898 2358 1222 2435 disceptari
1266 2377 1401 2415 non·
1432 2363 1658 2434 potest,
1717 2376 1861 2415 num
1901 2360 2038 2433 jure
2090 2392 2164 2403 -
2217 2380 2370 2436 quae
2416 2380 2546 2419 mea

294 2456 389 2509 est
434 2446 639 2525 opinio
680 2481 755 2492 -
790 2446 1122 2525 prodiderit
1150 2445 1318 2506 Beda
1362 2454 1605 2525 practer
1650 2446 1956 2524 episcopos
2003 2466 2120 2506 non
2161 2450 2350 2507 solum
2382 2469 2542 2526 pres·

292 2541 539 2616 hyteros
586 2543 649 2594 et
692 2536 974 2594 diaconos
1012 2536 1125 2594 sed
1169 2536 1351 2596 etiam
1382 2543 1662 2606 cantores,
1707 2533 1944 2595 lectores
1971 2543 2294 2617 ceterosque
2317 2535 2544 2616 φαείνω

292 2623 703 2688 ecclesiasticos
732 2631 875 2684 tunc
906 2625 1065 2702 apud
1095 2625 1622 2699 Nordanhymbros
1653 2625 1834 2684 fuisse
1867 2625 1998 2700 (vit.
2025 2623 2358 2684 Gudberthi
2381 2625 2542 2684 XVI

294 2719 329 2794 ἓ
381 2714 483 2787 25,
532 2713 878 2786 Stevenson,
926 2733 1107 2790 opera
1151 2713 1291 2772 hist.
1336 2712 1424 2784 II,
1470 2733 1528 2790 p.
1580 2714 1689 2788 79)
1741 2747 1820 2759 -
1872 2733 2008 2772 nam
2056 2715 2215 2790 quod
2259 2713 2324 2772 in
2370 2733 2542 2772 cano·

292 2805 474 2864 nibus
531 2799 881 2861 Hibernicis
938 2803 1069 2877 (lib.
1114 2801 1421 2873 1-V111,
1470 2801 2008 2862 Wasserschleben'
2045 2822 2102 2879 p.
2150 2803 2396 2879 >ew-31)
2444 2823 2540 2862 ex·

290 2891 515 2972 pressis
560 2891 757 2950 verbis
804 2891 877 2951 de
920 2891 1173 2967 singulis
1216 2897 1443 2968 septem
1473 2891 1758 2967 gradibus
1781 2891 2104 2952 *disseritur
2129 2891 2194 2949 in
2225 2898 2545 2967 utramque

290 2987 527 3062 partem
591 2980 781 3057 accipi
838 2985 1065 3058 potest,
1126 2986 1189 3038 et
1240 2979 1561 3039 Tirechani
1621 2981 2026 3040 testimonium
2089 2987 2152 3039 et
2209 2979 2404 3057 ipsum
2467 2979 2540 3037 de

290 3069 673 3130 subdiaconis
694 3076 755 3126 et
780 3069 1085 3128 exorcistis
1108 3069 1355 3144 loquens
1380 3071 1674 3144 (annotat.
1694 3069 1951 3128 Betham
1976 3067 2062 3140 II,
2093 3088 2230 3146 app.
2249 3089 2307 3144 p.
2327 3067 2540 3143 XXI),

290 3157 609 3236 repudiare
667 3157 807 3215 licet
866 3157 967 3229 iis,
1028 3157 1135 3234 qui
1193 3157 1349 3216 forte
1406 3162 1624 3235 putant
1671 3157 1988 3216 Tirechani
2046 3157 2414 3233 temporibus
2475 3155 2538 3212 in

290 3241 595 3307 Hibernia
634 3247 883 3304 australi
928 3246 1073 3322 (vid.
1118 3265 1299 3323 supra
1340 3266 1400 3324 p.
1436 3249 1546 3320 71)
1595 3246 1908 3305 Scotorum
1951 3265 2144 3304 mores
2185 3248 2310 3319 jam
2356 3244 2540 3303 fuisse

292 3340 713 3394 commutatos:
773 3341 975 3393 tamen
1034 3335 1195 3412 apud
1254 3333 1467 3395 Scotos
1520 3334 1874 3394 Britanniae
1935 3341 2156 3394 statum
2217 3331 2536 3392 hierarchi-

292 3445 423 3483 cum
470 3423 763 3482 Romanis
805 3423 1055 3482 similem
1100 3424 1281 3482 fuisse
1326 3424 1537 3500 liquet.

471 3510 697 3572 Similis
742 3510 885 3570 vero
931 3513 1048 3571 fuit
1078 3532 1197 3571 non
1228 3533 1341 3590 par
1368 3513 1626 3584 omnine,
1672 3533 1808 3570 nam
1840 3533 1960 3571 una
1991 3533 2072 3570 ex.
2093 3517 2268 3589 parte
2299 3511 2538 3572 videtur

290 3602 503 3660 melior
543 3601 725 3660 fuisse
757 3607 819 3659 et
856 3599 1049 3678 magis
1078 3601 1365 3674 excultus,
1397 3621 1471 3659 ex
1500 3602 1692 3660 altera
1722 3605 1892 3678 peJ‘or
1921 3609 1986 3660 et
2013 3601 2206 3660 minus
2239 3602 2534 3675 excultus:

287 3690 437 3748 illud
496 3690 639 3766 quia
698 3689 761 3746 in
817 3690 1063 3749 ecclesia
1107 3690 1165 3749 N
1168 3690 1738 3766 ordanhymbrorum
1786 3691 1972 3749 abbas
2017 3689 2283 3750 Hiiensis
2327 3691 2536 3766 funge-

289 3780 469 3838 batur
515 3797 757 3838 munere
787 3783 1074 3856 tanquam
1106 3777 1612 3856 archiepiscopali,
1662 3779 1821 3854 quod
1849 3785 1992 3838 tunc
2021 3779 2085 3836 in
2117 3777 2315 3837 Gallia
2345 3797 2537 3855 paene

288 3867 517 3940 deerat,
578 3867 691 3925 hoc
752 3867 891 3943 quia
937 3867 1001 3924 in
1046 3868 1293 3944 singulis
1341 3867 1640 3945 parochiis
1685 3869 1841 3926 bona
1887 3867 2201 3945 disciplina
2245 3867 2350 3926 vix
2396 3886 2530 3924 oon·

288 3957 655 4016 stituebatur
713 3975 845 4014 cum
904 3957 1277 4034 principatus
1334 3957 1411 4014 ab
1473 3957 1824 4016 Hiiensibus
1885 3956 1962 4013 ad
2021 3955 2531 4032 archiepiscopum

288 4041 755 4103 Cantuaren'sem
803 4045 1063 4104 transiit.
2515 4062 2522 4066 ·

465 4131 632 4210 Ergo
692 4133 814 4192 non
870 4133 1011 4210 ipso‘
1062 4133 1353 4210 graduum
1424 4131 1952 4192 ecclesiasticorum
2019 4151 2236 4209 genere
2295 4131 2529 4203 diversa

286 4229 419 4280 crat
464 4243 500 4280 a
545 4220 822 4281 Romana
858 4220 1173 4283 Scotorum
1220 4222 1482 4295 ecclesia,
1504 4223 1632 4280 -sed
1675 4222 1841 4294 illud,
1887 4221 2041 4281 sicut
2079 4224 2205 4296 jam
2251 4220 2528 4293 vidimus,

284 4310 595 4388 proprium
655 4316 785 4370 erat
836 4311 1175 4386 Scotorum,
1238 4312 1397 4388 quod
1459 4311 1696 4372 ordines
1749 4309 2102 4370 hierarchici
2145 4331 2280 4368 cum
2325 4329 2528 4368 mona-
