3167 4900
1484 219 1916 277 -90..-.

584 399 963 474 conspectum
1010 395 1261 457 aliorum
1305 395 1610 455 hominum
1655 394 2077 474 processerint,
2123 400 2284 455 recte
2329 414 2568 473 sperare
2614 414 2823 473 possu-

586 506 715 547 mus
761 486 906 557 fore,
950 490 1020 544 ut
1062 485 1129 545 in
1174 485 1411 543 illorum
1440 484 1569 545 vita
1601 483 1916 545 Scotorum
1961 503 2155 543 mores
2201 483 2668 544 manifestissimi
2712 484 2826 543 snb

586 578 891 651 aspectum
936 573 1109 633 nobis
1152 572 1566 648 subjiciantur.
1658 571 1952 633 Attamen
1995 572 2137 648 quia
2188 571 2308 649 ipsi
2353 570 2518 631 Scoti
2562 572 2828 649 peregri·

586 668 798 722 nantes
844 660 991 721 adeo
1036 662 1338 739 peregrini
1385 667 1557 721 erant
1601 661 1666 719 in
1721 661 1832 720 hoc
1888 660 2136 733 mundo,
2197 667 2288 732 ut,
2351 660 2619 737 quamvis
2670 660 2830 738 peri-

586 750 801 811 tissimi
846 757 1042 811 essent
1086 749 1401 823 scribendi,
1446 756 1647 809 tamen
1691 751 2062 809 voluntatem
2107 768 2224 809 non
2276 749 2568 807 haberent
2610 749 2832 810 litteris

590 838 994 916 consignandi,
1044 858 1195 916 quae
1238 836 1357 916 ipsi
1401 838 1634 917 experti
1679 844 1902 911 essent,
1950 858 2102 915 quae
2147 838 2455 910 docerent,
2505 856 2658 914 quae
2703 838 2830 897 lau·

587 928 822 1007 darent,
886 947 1038 1004 quae
1097 928 1537 1005 vituperarent,
1599 961 1683 973 -—-
1734 926 1842 986 illa
1901 946 2038 1007 spes
2101 946 2210 985 nos
2267 926 2653 998 destitueret,
2714 926 2836 985 nisi

588 1017 799 1076 fuisset
845 1016 1135 1076 Columba
1145 1016 1195 1092 1)
1242 1015 1656 1076 Luxoviensis.
1746 1015 1884 1087 Hic,
1929 1014 2193 1075 omnium
2239 1012 2569 1087 Scotorum,
2615 1014 2722 1091 qui
2769 1015 2834 1073 in

592 1104 994 1165 continentem
1024 1112 1334 1178 venerunt,
1381 1104 1541 1164 haud
1584 1103 1766 1163 dubie
1812 1103 2195 1175 clarissimus,
2241 1122 2394 1163 unus
2439 1109 2546 1177 est,
2589 1103 2664 1161 de
2713 1122 2834 1179 quo

590 1194 778 1253 multa
830 1193 1145 1252 memoriae
1188 1193 1429 1271 prodita
1474 1193 1621 1264 sint,
1668 1193 1920 1270 primus,
1966 1192 2040 1251 dc
2085 1210 2202 1268 quo
2249 1192 2488 1252 omnino
2524 1191 2681 1265 ‘certi
2727 1192 2834 1251 ali-

592 1282 737 1359 quid
792 1281 911 1340 dici
942 1282 1149 1359 possit.
1210 1283 1365 1343 Nam
1413 1282 1487 1339 de
1530 1282 1658 1341 vita
1703 1280 2025 1353 Fridolini‚
2072 1299 2245 1357 quem
2291 1300 2411 1339 non
2458 1280 2586 1339 sine
2631 1280 2833 1356 aliquo

584 1374 719 1446 jure
764 1370 1022 1447 primum
1077 1370 1141 1428 in
1187 1370 1447 1429 Francia
1492 1368 1737 1429 Scotum
1781 1369 2094 1429 Ebrardus
2147 1369 2483 1429 nominavit
2525 1371 2610 1447 (p.
2660 1368 2836 1445 285),

589 1459 677 1520 nil
722 1464 884 1517 certo
930 1458 1163 1531 scimus,
1209 1459 1428 1517 nedum
1458 1459 1531 1519 de
1560 1459 1824 1518 moribus
1856 1458 1954 1533 (cf.
1983 1458 2298 1535 Rettberg,
2329 1457 2417 1529 ΙΙ,
2449 1479 2506 1535 p.
2542 1458 2622 1517 29
2657 1459 2834 1534 sqq.).

593 1547 835 1624 Optimo
884 1547 1039 1605 enim
1079 1550 1215 1623 jure
1260 1546 1682 1625 Rettbergius,
1743 1546 1838 1606 cui
1896 1566 2086 1624 paene
2147 1566 2350 1605 omnes
2409 1545 2584 1605 hodie
2638 1566 2836 1604 assen-

592 1635 827 1695 tiuntur
873 1636 971 1710 (cf.
1018 1636 1447 1709 wattenbach,
1494 1634 2084 1711 Geschichtsquellen
2131 1634 2190 1707 Ι,
2237 1656 2295 1712 p.
2345 1635 2456 1711 35)
2502 1634 2714 1706 vetuit,
2761 1652 2836 1691 ne

592 1724 848 1801 amplius
878 1723 1145 1784 historici
1176 1745 1338 1783 more
1382 1727 1674 1799 majorum
1707 1744 1740 1782 e
1769 1729 2110 1783 sanctorum
2141 1722 2282 1783 vitis
2322 1724 2590 1800 ipsorum
2635 1728 2836 1782 aetate

593 1814 769 1889 longe
815 1811 1212 1886 inferioribus,
1260 1833 1411 1889 quae
1457 1813 1533 1872 ab
1562 1812 1638 1873 iis
1669 1819 1842 1890 gesta
1871 1818 2084 1884 essent,
2117 1817 2477 1871 conarentur
2507 1812 2836 1873 enucleare.

594 1899 715 1960 Sed
760 1902 877 1959 alia
924 1908 1015 1961 est
1058 1901 1319 1961 Ebrardi
1364 1902 1678 1961 sententia.
1769 1900 2065 1979 Scriptori
2127 1900 2360 1961 cuidam
2421 1900 2610 1959 multa
2661 1899 2838 1981 faba-¹

593 1991 720 2050 losa
767 1989 1072 2049 enarranti
1116 2010 1235 2049 non
1282 1990 1519 2051 omnino
1548 1988 1729 2049 fidem
1775 1990 2178 2067 abrogandam
2225 2008 2352 2049 esse
2393 1995 2610 2061 censet,
2658 2006 2837 2064 quae·

594 2078 843 2136 rendum
905 2098 1031 2139 esse
1092 2078 1309 2155 potius,
1372 2099 1525 2156 quae
1588 2098 1729 2138 vera
1789 2084 1850 2137 et
1921 2084 2084 2137 certa
2143 2079 2389 2150 referat,
2462 2097 2616 2154 quae
2685 2076 2840 2135 falsa

595 2168 681 2243 (p.
730 2167 903 2243 299).
950 2201 1033 2211 -
1079 2167 1351 2226 Honesta
1412 2169 1558 2227 haec
1617 2167 1835 2239 oratio,
1897 2187 2006 2229 nec
2064 2171 2264 2225 tamen
2317 2166 2563 2243 probari
2618 2168 2839 2242 potest.

594 2254 750 2315 Nam
799 2255 903 2331 qui
949 2254 1356 2315 intellexerint
1400 2262 1622 2315 certam
1669 2254 1946 2314 notitiam
2001 2254 2458 2333 praeteritorum
2504 2260 2840 2331 temporum

596 2342 717 2402 suis
774 2342 1016 2417 finibus,
1074 2344 1303 2421 exiguis
1362 2364 1530 2417 sane,
1591 2342 1908 2415 contineri,
1969 2343 2038 2415 ii,
2102 2363 2234 2402 cum
2295 2363 2365 2403 ea
2425 2342 2506 2402 sit
2548 2340 2839 2403 fabularis

594 2430 877 2492 historiae
921 2438 1157 2508 natura,
1202 2440 1273 2494 ut
1317 2454 1521 2494 verum
1570 2454 1606 2492 a
1651 2432 1802 2492 falso
1842 2432 2068 2492 secerni
2112 2452 2229 2492 non
2263 2432 2469 2509 possit,
2515 2430 2692 2492 facile
2721 2429 2841 2490 sibi

597 2522 1041 2599 persuadebunt
1088 2543 1187 2582 eos
1232 2523 1568 2600 scriptores,
1617 2522 1721 2598 qui
1767 2542 1841 2581 ex
1886 2523 2010 2580 sola
2054 2522 2212 2580 fama
2256 2521 2579 2592 hauserint,
2627 2520 2840 2597 dignos

597 2630 717 2670 non
764 2630 910 2683 esse,
955 2611 1171 2687 quibus
1216 2611 1279 2670 in
1326 2611 1639 2671 scribenda
1683 2609 1935 2670 historia
1978 2616 2236 2670 utamur.
2327 2611 2483 2670 Nam
2529 2628 2660 2668 cum
2708 2610 2840 2667 luce

600 2697 816 2758 clarius
876 2699 957 2758 sit
1015 2719 1134 2759 non
1197 2699 1393 2759 omnia
1452 2720 1596 2760 vera
1657 2719 1808 2773 esse,
1869 2719 2022 2775 quae
2080 2719 2223 2758 vera
2277 2717 2409 2758 esse
2464 2702 2742 2777 possunt,
2789 2696 2843 2758 si

594 2785 827 2846 ratione
874 2786 1003 2860 illa,
1050 2808 1228 2864 quam
1274 2788 1583 2848 Ebrardus
1645 2793 1914 2864 exoptat,
1977 2793 2290 2846 uterentur
2347 2786 2644 2860 historici,
2706 2785 2840 2846 fieri

596 2893 715 2934 non
760 2881 977 2950 posset,
1026 2875 1170 2951 quin
1216 2911 1303 2920 -—
1350 2883 1419 2936 ut
1472 2876 1702 2936 sciurus
1755 2876 1820 2934 in
1875 2875 2222 2953 frangendis
2276 2875 2528 2934 nucibus
2573 2879 2838 2952 gustatu,

598 2962 702 3038 qui
749 2962 828 3021 sit
873 2964 1131 3038 nucleus,
1180 2965 1471 3041 dijudicat
1506 2997 1581 3007 —
1619 2963 1708 3023 ita
1751 2963 2022 3024 historici
2050 2964 2202 3024 alius
2233 2964 2379 3024 alias
2425 2964 2543 3024 sibi
2574 2962 2841 3039 eligeret,

595 3059 775 3128 prout
820 3053 1033 3128 cuique
1078 3054 1418 3132 placuisset,
1460 3053 1589 3112 veri
1633 3059 1697 3111 et
1741 3052 1873 3112 falsi
1922 3059 2113 3112 notas.

777 3141 914 3199 Hoc
959 3141 1154 3219 ipsum
1199 3143 1300 3215 iis,
1357 3162 1509 3218 quae
1554 3141 1866 3202 Ebrardus
1926 3141 1999 3200 de
2045 3140 2354 3200 Fridolino
2400 3138 2711 3209 disseruit,
2773 3144 2844 3198 ut

598 3229 882 3305 exemplis
914 3232 1349 3307 comprobatur.
1411 3229 1509 3288 Ex
1538 3229 1754 3307 quibus
1785 3248 1968 3288 unum
2001 3235 2108 3303 est,
2133 3227 2293 3306 quod
2323 3226 2648 3299 Ebrardus,
2673 3234 2842 3304 post-

599 3336 777 3393 quam
824 3319 1125 3378 enarravit
1169 3318 1545 3378 Fridolinum
1608 3324 1763 3377 teste
1822 3316 2110 3377 Balthero
2156 3317 2286 3392 (vit.
2331 3315 2496 3376 Frid.
2549 3316 2578 3372 1
2593 3317 2650 3387 2,
2696 3313 2841 3374 Act.

598 3404 703 3466 SS.
750 3404 907 3466 Boll.
953 3407 1131 3466 Mart.
1180 3410 1237 3479 6,
1284 3429 1343 3485 p.
1390 3407 1546 3482 435)
1593 3405 1966 3484 praedicasse
2011 3403 2346 3488 „quomodo
2383 3400 2555 3486 filiu-s
2601 3401 2700 3462 dei
2727 3445 2741 3460 .
2775 3445 2792 3462 .
2823 3445 2840 3462 .

595 3491 807 3552 mundi
848 3493 1182 3574 voraqinem
1206 3494 1471 3565 intraret,
1512 3491 1723 3554 scilicet
1748 3503 1994 3573 propter
2035 3502 2237 3554 nostra
2267 3501 2535 3572 peccata,
2565 3509 2668 3552 seu
2697 3489 2845 3572 quid

588 3599 706 3662 pro
751 3577 915 3640 nobis
950 3591 1294 3663 pateretur“
1340 3584 1492 3642 hanc
1521 3582 1794 3642 Baltheri
1839 3583 2242 3642 narrationem
2290 3581 2544 3640 veritate
2591 3579 2710 3638 niti
2751 3580 2844 3639 his

598 3668 797 3728 verbis
858 3669 973 3728 sibi
1030 3671 1271 3730 videtur
1333 3674 1771 3750 comprobasse:
1837 3665 2016 3731 Diese
2075 3666 2396 3750 enerqzlsclae
2453 3665 2844 3746 Hinweismy

597 3754 718 3836 auf
754 3752 977 3817 cmo-isti
1016 3755 1345 3820 sz‘c‘hnenden
1389 3755 1763 3822 Kreuzestod
1775 3803 1794 3830 ,
1857 3758 2009 3818 diese
2061 3754 2513 3836 sotevioloqische
2560 3752 2842 3833 Fas-sung

598 3843 706 3904 der
750 3842 1108 3906 christlichen
1138 3844 1335 3908 Lehre
1380 3846 1469 3908 als
1513 3847 1623 3908 der
1651 3844 1994 3918 Heilelekre,
2038 3846 2112 3906 ist
2141 3866 2207 3907 so
2243 3842 2498 3905 siclalich
2527 3837 2840 3912 culdeisch‚

598 3932 735 3993 dass
780 3931 906 3994 hier
950 3935 1062 3996 dae
1106 3932 1612 4018 Zuqrundelieyen
1673 3934 1830 3998 einer
1888 3932 2020 3994 sehr
2063 3932 2216 3996 alten
2269 3929 2469 4010 Quelle
2512 3929 2670 3992 nicht
2714 3950 2843 3990 ver·

596 4019 777 4082 kannt
835 4024 1067 4086 werden
1126 4023 1282 4086 kann
1342 4030 1424 4105 (p.
1476 4025 1651 4101 294).
1743 4023 1888 4084 Alia
1943 4025 2116 4101 plura
2175 4021 2516 4099 hujusmodi
2574 4021 2843 4099 proferre

744 4233 766 4264 ²
812 4233 1173 4288 Columbanus
1201 4273 1213 4286 .
1244 4271 1257 4286 .
1288 4274 1300 4286 .
1329 4233 1424 4300 qui
1460 4235 1512 4286 et
1536 4231 1790 4288 Columba
1810 4263 1876 4272 ——
1898 4231 1941 4286 J
1943 4249 2031 4284 on.
2060 4228 2160 4282 vit.
2190 4227 2310 4281 001.
2340 4229 2389 4294 6,
2419 4228 2572 4283 Mab.
2599 4227 2694 4291 11,·
2713 4245 2845 4284 ann.

601 4301 724 4368 615,
753 4321 808 4371 p.
839 4305 899 4370 73
938 4305 1061 4372 ipse
1098 4304 1158 4357 in
1197 4303 1454 4372 epistulis
1484 4302 1813 4358 Columbam
1839 4319 1951 4356 non
1977 4299 2386 4356 Colambanum
2411 4317 2469 4354 se
2507 4298 2846 4368 appellavit.
