3167 4900
1588 273 1982 336 —2—

658 449 869 542 satius.
961 451 1125 519 Eene
1168 453 1637 519 kerklzietmische
1681 455 1903 516 Studia
1994 453 2376 516 Amator-dam
2426 457 2593 526 1869,
2638 457 2741 531 70)
2796 449 2926 513 nisi

673 552 738 608 in
783 570 904 609 una
949 549 1331 608 annotatione
1377 547 1488 623 (II,
1520 570 1578 626 p.
1615 547 1741 612 352
1775 549 1929 622 sqq.)
1975 547 2048 604 de
2094 545 2369 604 Ebrardo
2416 547 2598 605 verba
2657 565 2777 603 non
2828 545 2923 601 fe-

676 639 841 706 cerit,
935 638 1054 698 Sed
1099 637 1308 714 negari
1354 657 1474 695 non
1519 642 1721 714 potest
1766 636 1958 712 ipsum
1990 634 2337 692 Muellerum
2382 633 2446 692 in
2490 634 2581 717 iis,
2628 653 2781 711 quae
2823 634 2923 690 ni-

674 749 774 787 sus
819 726 1170 803 Bettbergio
1219 725 1291 783 de
1337 725 1656 784 Britonum
1702 723 2134 799 Scotorumque
2182 723 2427 782 ecclesia
2473 722 2727 800 scripsit,
2776 721 2925 780 novi

676 816 990 892 quicquam
1026 835 1142 873 non
1175 815 1462 873 attulisse.
1553 814 1689 872 Hoc
1720 813 1913 872 minus
1958 813 2329 890 probandum
2378 817 2483 884 est,
2531 811 2635 869 sed
2680 809 2924 869 silentio

673 905 1002 982 praeterire
1032 903 1292 962 Ebrardi
1337 902 1633 1004 figmenta:
1665 901 1953 960 Muellero
1999 907 2209 978 utpote
2256 907 2517 973 externe,
2564 900 2799 958 licuisse
2844 898 2923 954 li-

673 993 888 1051 benter
933 991 1245 1063 confiteor;
1304 1012 1372 1049 eo
1417 988 1639 1068 magis
1622 989 1932 1048 Werneri
1976 990 2187 1048 fuisset
2232 989 2294 1046 in
2339 1009 2443 1046 suo
2490 989 2565 1046 de
2610 986 2923 1046 Bonifatio

673 1081 826 1138 libro
874 1077 1269 1160 (Bonifaciue,
1315 1079 1422 1139 der
1465 1075 1715 1159 Aposcel
1756 1078 1864 1138 der
1896 1074 2271 1148 Deutschem
2318 1076 2443 1136 und
2487 1075 2582 1136 die
2627 1072 2921 1135 Romani-

673 1168 877 1248 simmq
937 1188 1048 1228 von
1107 1164 1774 1248 Mitteleuropa.1875)
1820 1167 2081 1225 Ebrardi
2142 1166 2499 1226 sententiam
2557 1165 2921 1224 examinare.

675 1257 792 1316 Sed
854 1277 1189 1334 quanquam
1262 1257 1324 1313 in
1387 1257 1755 1333 praefatione
1818 1276 1945 1314 eam
2008 1255 2330 1332 quaerendi
2404 1254 2728 1326 rationem,
2798 1273 2925 1353 qua

673 1345 980 1404 Ebrardus
1012 1345 1366 1419 conjecturis
1397 1345 1574 1403 nimis
1606 1343 1859 1403 confisus
1904 1364 2045 1402 usus
2092 1351 2200 1416 est,
2246 1343 2561 1415 recusavit,
2606 1349 2808 1401 tamen
2853 1341 2925 1398 in

673 1434 764 1506 iis,
813 1455 964 1510 quae
1011 1440 1356 1509 sequuntur,
1397 1436 1562 1508 justo
1609 1433 1741 1509 plus
1771 1432 2047 1492 Ebrardo
2076 1432 2253 1491 fidem
2284 1432 2495 1491 habuit
2526 1451 2711 1506 eoque
2742 1431 2923 1488 modo

571 1583 576 1588 ,
674 1522 837 1580 illius
869 1529 1200 1581 commenta
1246 1522 1308 1581 in
1354 1523 1542 1599 ipsam
1575 1521 1869 1580 Bonifatii
1899 1522 2209 1580 historiam
2255 1520 2606 1579 introduxit.
2697 1519 2923 1594 Itaque

672 1610 945 1688 inprimis
991 1609 1108 1688 ipsi
1153 1610 1440 1668 Wernero
1489 1610 1719 1668 crimini
1763 1610 2024 1669 dandum
2052 1617 2191 1684 est,
2254 1610 2413 1687 quod
2458 1610 2609 1668 falsa
2654 1607 2925 1666 Ebrardi

675 1699 748 1756 de
795 1698 1104 1758 Scotorum
1150 1699 1587 1776 Britonumque
1634 1699 1877 1758 ecclesia
1934 1699 2136 1777 opinio
2195 1700 2317 1758 late
2373 1703 2497 1775 jam
2544 1696 2922 1768 diffunditur,

677 1805 868 1864 neque
914 1788 1201 1846 silendum
1249 1793 1340 1848 est
1385 1789 1562 1847 etiam
1598 1788 1969 1861 Wernerum,
2017 1789 2237 1866 partim
2286 1789 2362 1847 ab
2392 1785 2669 1846 Ebrardo
2713 1786 2777 1842 in
2824 1805 2919 1842 er-

673 1897 866 1934 rorem
927 1877 1231 1935 inductum
1293 1879 1512 1955 partim
1562 1881 1728 1952 justa
1788 1878 1851 1934 in
1906 1883 2143 1936 nostrae
2200 1877 2416 1936 aetatis
2464 1874 2781 1934 catholicos
2826 1874 2923 1932 ira

673 1965 985 2024 incitatum
1033 1966 1106 2023 de
1152 1966 1455 2025 Bonifatio
1502 1986 1575 2023 ex
1620 1985 1807 2041 aequo
1854 1986 1973 2024 non
2012 1965 2327 2040 judicasse.
2420 1964 2595 2039 Quod
2626 1983 2694 2022 eo
2727 1962 2922 2039 magis
2960 2000 2968 2007 -

672 2052 991 2129 lugendum
1052 2060 1172 2126 est,
1235 2074 1352 2130 quo
1411 2055 1613 2132 plures
1668 2055 1891 2112 assensi
1936 2059 2075 2113 sunt
2117 2054 2277 2113 illius
2324 2053 2667 2113 sententiae.
2759 2051 2922 2129 Ipsis

674 2143 829 2199 enim
876 2140 1019 2200 viris
1064 2142 1432 2214 doctissimis,
1481 2143 1584 2218 qui
1629 2143 1929 2200 volumina
1974 2143 2103 2215 illa,
2150 2163 2301 2219 quae
2346 2142 2751 2202 inscribuntur
2798 2136 2919 2199 Re-

673 2226 1139 2308 alencyclopcidie
1183 2229 1297 2311 fiir
1337 2227 1814 2311 protestantische
1876 2227 2183 2310 Theoloyv'e
2241 2230 2367 2290 und
2410 2227 2636 2290 Kirclae
2695 2230 2921 2288 iterum

675 2318 901 2376 edenda
949 2326 1182 2392 curant,
1232 2319 1506 2378 Werneri
1563 2320 1637 2377 de
1682 2319 1987 2378 Bonifatio
2027 2319 2317 2396 judicium
2364 2320 2610 2396 dignum
2656 2338 2783 2377 esse
2830 2317 2919 2377 vi·

676 2427 803 2466 sum
847 2414 958 2479 est,
1007 2407 1166 2485 quod
1211 2408 1640 2485 divulgaretur.

851 2496 1016 2569 Quae
1074 2517 1203 2555 cum
1264 2498 1352 2557 ita
1407 2504 1633 2570 essent,
1696 2498 2119 2559 examinandae
2164 2497 2424 2556 Ebrardi
2480 2497 2554 2555 de
2600 2497 2920 2555 Britonum

673 2583 1100 2660 Scotorumque
1177 2587 1422 2645 ecclesia
1490 2586 1822 2645 sententiae
1893 2587 2155 2646 laborem
2172 2632 2187 2661 ‚
2264 2606 2439 2663 quem
2499 2606 2609 2644 nec
2667 2586 2921 2643 Bussius

673 2668 1366 2754 (Winfrid-Bonffaoius
1412 2673 1498 2733 ed.
1546 2695 1599 2732 v.
1632 2670 1893 2733 Scherer.
1945 2679 2119 2751 1880)
2166 2695 2274 2733 nec
2330 2675 2645 2733 Fischerus
2701 2670 2919 2749 (Boni-

655 2758 865 2841 fatius.
899 2763 1068 2837 1881)
1099 2781 1267 2819 suum
1308 2762 1743 2837 judicaverunt,
1789 2763 1934 2820 mihi
1976 2763 2347 2822 subeundum
2394 2783 2519 2822 esse
2563 2762 2803 2840 putavi3
2851 2782 2921 2820 ac

675 2848 908 2925 quidem
955 2866 1073 2907 non
1120 2850 1232 2921 ita,
1281 2855 1349 2909 ut
1394 2849 1697 2909 Oeltorum
1746 2851 2022 2909 ecclesiae
2068 2852 2379 2911 historiam
2424 2871 2621 2909 rerum
2666 2851 2918 2927 scripto·

671 2956 804 2994 rum
849 2957 1010 2995 more
1058 2957 1398 3014 prosequar,
1447 2939 1551 2996 sed
1596 2938 1683 2997 ita
1729 2938 2083 3016 disputabo,
2131 2946 2200 2999 ut
2246 2940 2687 2999 adumbrandae
2733 2939 2919 2997 Boni·

670 3024 805 3083 fatii
834 3026 1114 3084 historiae
1143 3027 1462 3085 inserviam
1494 3026 1787 3085 diluendis
1826 3028 1900 3087 iis
1946 3028 2193 3101 fictitiis,
2242 3049 2393 3106 quae
2432 3028 2537 3100 illi,
2584 3028 2678 3085 cui
2710 3034 2917 3086 nostra

674 3134 819 3190 gens
865 3133 1184 3190 cognomen
1231 3115 1514 3175 attribuit
1557 3117 1829 3194 apostolo
1860 3115 2235 3190 Germaniae,
2280 3118 2553 3176 umbram
2597 3117 2839 3175 faciunt.

848 3201 1064 3280 Itaque
1111 3224 1242 3261 cum
1289 3224 1438 3282 opus
1486 3204 1864 3281 aggrederer,
1928 3226 2103 3282 aegre
2148 3207 2292 3278 tuli,
2355 3206 2514 3281 quod
2560 3224 2678 3263 non
2724 3205 2917 3263 solum

671 3290 832 3367 apud
872 3311 979 3349 nos
1011 3290 1340 3349 Germanos
1384 3312 1521 3351 raro
1566 3293 1640 3350 de
1671 3293 1991 3351 Britonum
2025 3293 2453 3369 Scotorumque
2502 3294 2745 3353 ecclesia
2792 3294 2916 3352 dis-

672 3384 949 3455 putatum
997 3385 1117 3450 est,
1166 3380 1268 3437 sed
1315 3381 1495 3438 etiam
1541 3381 1699 3455 quod
1753 3416 1828 3425 —
1882 3381 2025 3457 quid
2073 3380 2330 3439 mirum?
2382 3416 2458 3425 —-
2508 3382 2570 3454 ii,
2620 3382 2722 3458 qui
2769 3382 2917 3440 alibi

671 3473 940 3539 exstant,
995 3467 1136 3525 libri
1194 3467 1258 3525 in
1321 3469 1674 3528 nostratium
1734 3468 2110 3544 ignoratione
2165 3476 2496 3529 versantur.
2586 3470 2740 3531 Nam
2786 3470 2915 3546 ipse

669 3554 893 3615 Hasius
940 3551 1552 3636 (Kirclaenqeschichte.
1605 3558 1690 3616 10.
1735 3554 1890 3639 Avfi.
1942 3562 2089 3617 1877
2140 3558 2175 3634 ξ
2227 3560 2361 3634 134)
2408 3558 2695 3617 librorum
2743 3560 2913 3617 obso-

669 3644 923 3702 letorum
957 3651 1017 3702 et
1047 3644 1346 3703 inutilium
1377 3646 1574 3721 plures
1623 3652 1949 3717 enumerat,
1998 3666 2175 3723 quam
2222 3647 2631 3705 recentiorum.
2722 3646 2911 3706 Obso-

670 3733 855 3791 letum
903 3738 1022 3804 est,
1071 3732 1230 3807 quod
1273 3734 1647 3805 Muenterus,
1696 3734 1790 3792 vir
1834 3734 2232 3807 doctissimus,
2280 3735 2355 3793 de
2399 3741 2664 3795 veterum
2711 3735 2911 3795 Brito-

669 3840 808 3878 num
855 3821 1101 3878 ecclesia
1148 3820 1424 3880 disseruit
1471 3822 1532 3879 in
1589 3818 1787 3880 leeol.
1834 3819 2003 3881 Stud.
2047 3843 2105 3881 u.
2138 3818 2299 3883 Kmtt.
2336 3826 2505 3893 1833,
2552 3823 2807 3882 obsoleti
2853 3830 2914 3881 et

668 3908 976 3984 Lingardi‚
1012 3908 1324 3985 Lanigani,
1357 3908 1689 3969 Schroedlii
1722 3910 1862 3968 libri
1894 3911 2085 3985 (Hase
2116 3912 2153 3969 l.
2186 3914 2277 3989 c.),
2324 3912 2556 3970 inutilis
2586 3918 2787 3971 autem
2816 3918 2910 3970 est

669 3997 919 4067 libellus,
969 4017 1142 4073 quem
1190 3996 1513 4069 Greithius,
1562 3998 1874 4075 episcopus
1921 3998 2339 4076 sangallensis,
2386 4000 2459 4057 de
2506 4000 2757 4077 antiqua
2800 4001 2908 4059 Hi-

670 4086 985 4143 bernorum
1043 4087 1288 4144 ecclesia
1345 4086 1678 4163 composuit
1738 4080 2098 4162 (Gesohv‘akte
2144 4086 2249 4147 der
2293 4084 2623 4147 altimclzen
2664 4085 2907 4149 'Kireha

670 4168 962 4253 Freibury
997 4176 1192 4250 1867).
1285 4174 1403 4233 Sed
1435 4195 1663 4233 summa
1694 4176 1868 4234 laude
1900 4176 2192 4235 efferenda
2238 4183 2343 4250 est,
2392 4197 2570 4254 quam
2600 4177 2907 4237 Ebrardus

670 4281 786 4319 non
812 4263 974 4338 legit,
1009 4260 1286 4319 Schoellii
1318 4261 1390 4320 de
1411 4260 1820 4323 ecclesiasticae
1842 4261 2163 4325 Britonum
2192 4262 2611 4347 Scotorumque
2639 4265 2908 4327 laetoriae

653 4346 923 4429 fontibus
969 4350 1306 4409 dissertatio
1356 4351 1646 4427 (Berolini
1693 4360 1753 4410 et
1778 4354 2074 4411 Londini.
2128 4351 2329 4431 1851)
2376 4375 2593 4431 eaque,
2640 4355 2907 4431 quamvis
