<?xml version="1.0" encoding="UTF-8"?>
<!DOCTYPE html PUBLIC "-//W3C//DTD XHTML 1.0 Transitional//EN"
    "http://www.w3.org/TR/xhtml1/DTD/xhtml1-transitional.dtd">
<html xmlns="http://www.w3.org/1999/xhtml" xml:lang="en" lang="en">
 <head>
  <title>
</title>
<meta http-equiv="Content-Type" content="text/html;charset=utf-8" />
  <meta name='ocr-system' content='tesseract 3.04.00' />
  <meta name='ocr-capabilities' content='ocr_page ocr_carea ocr_par ocr_line ocrx_word'/>
</head>
<body>
  <div class='ocr_page' id='page_1' title='image "./antiquaebritonu01loofgoog_0038.png"; bbox 0 0 3167 4900; ppageno 0'>
   <div class='ocr_carea' id='block_1_1' title="bbox 1488 237 1925 300">
    <p class='ocr_par' dir='ltr' id='par_1_1' title="bbox 1488 237 1925 300">
     <span class='ocr_line' id='line_1_1' title="bbox 1488 237 1925 300; baseline -0.002 -14"><span class='ocrx_word' id='word_1_1' title='bbox 1488 237 1925 300; x_wconf 63' lang='grc' dir='ltr'><strong>...ΒΟ-</strong></span> 
     </span>
    </p>
   </div>
   <div class='ocr_carea' id='block_1_2' title="bbox 590 419 2834 2100">
    <p class='ocr_par' dir='ltr' id='par_1_2' title="bbox 590 419 2833 590">
     <span class='ocr_line' id='line_1_2' title="bbox 593 419 2833 499; baseline -0.002 -17"><span class='ocrx_word' id='word_1_2' title='bbox 593 420 994 482; x_wconf 83' lang='lat' dir='ltr'><strong>controversia</strong></span> <span class='ocrx_word' id='word_1_3' title='bbox 1057 421 1378 499; x_wconf 87' lang='lat' dir='ltr'><strong>composita</strong></span> <span class='ocrx_word' id='word_1_4' title='bbox 1435 427 1540 481; x_wconf 89' lang='lat' dir='ltr'><strong>est.</strong></span> <span class='ocrx_word' id='word_1_5' title='bbox 1632 421 1795 498; x_wconf 86' lang='lat' dir='ltr'><strong>Ergo</strong></span> <span class='ocrx_word' id='word_1_6' title='bbox 1842 421 2001 479; x_wconf 87' lang='lat' dir='ltr'><strong>ultra</strong></span> <span class='ocrx_word' id='word_1_7' title='bbox 2046 419 2344 478; x_wconf 87' lang='lat' dir='ltr'><strong>saeculum</strong></span> <span class='ocrx_word' id='word_1_8' title='bbox 2392 425 2667 480; x_wconf 69' lang='lat' dir='ltr'><strong>octavum</strong></span> <span class='ocrx_word' id='word_1_9' title='bbox 2712 439 2833 479; x_wconf 91' lang='lat' dir='ltr'><strong>non</strong></span> 
     </span>
     <span class='ocr_line' id='line_1_3' title="bbox 590 512 1057 590; baseline -0.004 -20"><span class='ocrx_word' id='word_1_10' title='bbox 590 512 1057 590; x_wconf 84' lang='lat' dir='ltr'><strong>progrediemur.</strong></span> 
     </span>
    </p>

    <p class='ocr_par' dir='ltr' id='par_1_3' title="bbox 591 597 2834 2100">
     <span class='ocr_line' id='line_1_4' title="bbox 771 597 2831 678; baseline -0.002 -19"><span class='ocrx_word' id='word_1_11' title='bbox 771 602 938 659; x_wconf 90' lang='lat' dir='ltr'><strong>Haec</strong></span> <span class='ocrx_word' id='word_1_12' title='bbox 995 600 1198 678; x_wconf 88' lang='lat' dir='ltr'><strong>priora</strong></span> <span class='ocrx_word' id='word_1_13' title='bbox 1259 599 1538 659; x_wconf 85' lang='lat' dir='ltr'><strong>ecclesiae</strong></span> <span class='ocrx_word' id='word_1_14' title='bbox 1583 599 1893 658; x_wconf 76' lang='lat' dir='ltr'>Scotorum</span> <span class='ocrx_word' id='word_1_15' title='bbox 1956 599 2190 658; x_wconf 87' lang='lat' dir='ltr'><strong>saecula</strong></span> <span class='ocrx_word' id='word_1_16' title='bbox 2250 597 2479 666; x_wconf 82' lang='lat' dir='ltr'><strong>duabus</strong></span> <span class='ocrx_word' id='word_1_17' title='bbox 2536 597 2831 657; x_wconf 82' lang='lat' dir='ltr'><strong>aetatibus</strong></span> 
     </span>
     <span class='ocr_line' id='line_1_5' title="bbox 593 687 2833 768; baseline -0.002 -20"><span class='ocrx_word' id='word_1_18' title='bbox 593 689 1185 768; x_wconf 82' lang='lat' dir='ltr'><strong>comprehenduntur,</strong></span> <span class='ocrx_word' id='word_1_19' title='bbox 1233 709 1353 746; x_wconf 87' lang='lat' dir='ltr'><strong>una</strong></span> <span class='ocrx_word' id='word_1_20' title='bbox 1392 687 1851 765; x_wconf 86' lang='lat' dir='ltr'><strong>primordiorum</strong></span> <span class='ocrx_word' id='word_1_21' title='bbox 1881 707 2067 765; x_wconf 89' lang='lat' dir='ltr'><strong>usque</strong></span> <span class='ocrx_word' id='word_1_22' title='bbox 2098 688 2175 745; x_wconf 82' lang='lat' dir='ltr'><strong>ad</strong></span> <span class='ocrx_word' id='word_1_23' title='bbox 2206 687 2545 760; x_wconf 81' lang='lat' dir='ltr'><strong>Columbae,</strong></span> <span class='ocrx_word' id='word_1_24' title='bbox 2594 687 2833 746; x_wconf 82' lang='lat' dir='ltr'><strong>abbatis</strong></span> 
     </span>
     <span class='ocr_line' id='line_1_6' title="bbox 592 777 2833 856; baseline -0.002 -19"><span class='ocrx_word' id='word_1_25' title='bbox 592 779 877 852; x_wconf 78' lang='lat' dir='ltr'><strong>HiiensiS,</strong></span> <span class='ocrx_word' id='word_1_26' title='bbox 922 784 1188 856; x_wconf 82' lang='lat' dir='ltr'><strong>tempora</strong></span> <span class='ocrx_word' id='word_1_27' title='bbox 1236 780 1342 854; x_wconf 85' lang='lat' dir='ltr'><strong>(ca.</strong></span> <span class='ocrx_word' id='word_1_28' title='bbox 1383 777 1554 854; x_wconf 85' lang='lat'><strong>565),</strong></span> <span class='ocrx_word' id='word_1_29' title='bbox 1602 779 1791 836; x_wconf 87' lang='lat' dir='ltr'><strong>altera</strong></span> <span class='ocrx_word' id='word_1_30' title='bbox 1837 777 1973 835; x_wconf 90' lang='lat' dir='ltr'><strong>inde</strong></span> <span class='ocrx_word' id='word_1_31' title='bbox 2020 778 2095 834; x_wconf 86' lang='lat' dir='ltr'><strong>ab</strong></span> <span class='ocrx_word' id='word_1_32' title='bbox 2144 796 2299 835; x_wconf 89' lang='lat' dir='ltr'><strong>anno</strong></span> <span class='ocrx_word' id='word_1_33' title='bbox 2349 777 2474 834; x_wconf 88' lang='lat'><strong>565</strong></span> <span class='ocrx_word' id='word_1_34' title='bbox 2524 797 2709 852; x_wconf 88' lang='lat' dir='ltr'><strong>usque</strong></span> <span class='ocrx_word' id='word_1_35' title='bbox 2756 777 2833 834; x_wconf 87' lang='lat' dir='ltr'><strong>ad</strong></span> 
     </span>
     <span class='ocr_line' id='line_1_7' title="bbox 595 865 2832 944; baseline -0.003 -17"><span class='ocrx_word' id='word_1_36' title='bbox 595 868 892 927; x_wconf 85' lang='lat' dir='ltr'><strong>saeculum</strong></span> <span class='ocrx_word' id='word_1_37' title='bbox 937 887 1172 925; x_wconf 89' lang='lat' dir='ltr'><strong>nonum.</strong></span> <span class='ocrx_word' id='word_1_38' title='bbox 1251 867 1578 944; x_wconf 79' lang='lat' dir='ltr'><strong>Utriusque</strong></span> <span class='ocrx_word' id='word_1_39' title='bbox 1627 867 1802 941; x_wconf 86' lang='lat' dir='ltr'><strong>hujus</strong></span> <span class='ocrx_word' id='word_1_40' title='bbox 1848 867 2063 924; x_wconf 87' lang='lat' dir='ltr'><strong>aetatis</strong></span> <span class='ocrx_word' id='word_1_41' title='bbox 2108 865 2357 924; x_wconf 88' lang='lat' dir='ltr'><strong>historia</strong></span> <span class='ocrx_word' id='word_1_42' title='bbox 2388 865 2566 923; x_wconf 89' lang='lat' dir='ltr'><strong>scribi</strong></span> <span class='ocrx_word' id='word_1_43' title='bbox 2605 865 2832 942; x_wconf 86' lang='lat' dir='ltr'><strong>nequit,</strong></span> 
     </span>
     <span class='ocr_line' id='line_1_8' title="bbox 593 954 2829 1034; baseline -0.001 -20"><span class='ocrx_word' id='word_1_44' title='bbox 593 977 730 1014; x_wconf 88' lang='lat' dir='ltr'><strong>nam</strong></span> <span class='ocrx_word' id='word_1_45' title='bbox 777 957 894 1014; x_wconf 88' lang='lat' dir='ltr'><strong>nisi</strong></span> <span class='ocrx_word' id='word_1_46' title='bbox 939 955 1011 1012; x_wconf 92' lang='lat' dir='ltr'><strong>de</strong></span> <span class='ocrx_word' id='word_1_47' title='bbox 1057 955 1264 1034; x_wconf 86' lang='lat' dir='ltr'><strong>paucis</strong></span> <span class='ocrx_word' id='word_1_48' title='bbox 1310 957 1528 1016; x_wconf 86' lang='lat' dir='ltr'><strong>sanctis</strong></span> <span class='ocrx_word' id='word_1_49' title='bbox 1576 961 1639 1014; x_wconf 88' lang='lat' dir='ltr'><strong>et</strong></span> <span class='ocrx_word' id='word_1_50' title='bbox 1684 955 1757 1013; x_wconf 88' lang='lat' dir='ltr'><strong>de</strong></span> <span class='ocrx_word' id='word_1_51' title='bbox 1804 955 2009 1032; x_wconf 89' lang='lat' dir='ltr'><strong>paucis</strong></span> <span class='ocrx_word' id='word_1_52' title='bbox 2056 955 2335 1013; x_wconf 84' lang='lat' dir='ltr'><strong>ecclesiae</strong></span> <span class='ocrx_word' id='word_1_53' title='bbox 2380 954 2653 1031; x_wconf 87' lang='lat' dir='ltr'><strong>partibus</strong></span> <span class='ocrx_word' id='word_1_54' title='bbox 2686 957 2829 1012; x_wconf 84' lang='lat' dir='ltr'><strong>certi</strong></span> 
     </span>
     <span class='ocr_line' id='line_1_9' title="bbox 595 1043 2833 1122; baseline -0.001 -19"><span class='ocrx_word' id='word_1_55' title='bbox 595 1046 822 1122; x_wconf 83' lang='lat' dir='ltr'><strong>aliquid</strong></span> <span class='ocrx_word' id='word_1_56' title='bbox 881 1065 999 1102; x_wconf 92' lang='lat' dir='ltr'><strong>non</strong></span> <span class='ocrx_word' id='word_1_57' title='bbox 1063 1049 1312 1103; x_wconf 87' lang='lat' dir='ltr'><strong>constat.</strong></span> <span class='ocrx_word' id='word_1_58' title='bbox 1403 1045 1576 1118; x_wconf 73' lang='lat' dir='ltr'><strong>Quod</strong></span> <span class='ocrx_word' id='word_1_59' title='bbox 1638 1044 1809 1103; x_wconf 87' lang='lat' dir='ltr'><strong>nobis</strong></span> <span class='ocrx_word' id='word_1_60' title='bbox 1870 1044 2064 1102; x_wconf 89' lang='lat' dir='ltr'><strong>minus</strong></span> <span class='ocrx_word' id='word_1_61' title='bbox 2125 1043 2442 1101; x_wconf 83' lang='lat' dir='ltr'><strong>dolendum</strong></span> <span class='ocrx_word' id='word_1_62' title='bbox 2504 1049 2595 1100; x_wconf 86' lang='lat' dir='ltr'><strong>est</strong></span> <span class='ocrx_word' id='word_1_63' title='bbox 2652 1063 2833 1117; x_wconf 82' lang='lat' dir='ltr'><strong>quam</strong></span> 
     </span>
     <span class='ocr_line' id='line_1_10' title="bbox 592 1131 2833 1211; baseline -0.002 -18"><span class='ocrx_word' id='word_1_64' title='bbox 592 1155 787 1193; x_wconf 90' lang='lat' dir='ltr'><strong>rerum</strong></span> <span class='ocrx_word' id='word_1_65' title='bbox 835 1133 1246 1211; x_wconf 75' lang='lat' dir='ltr'><strong>scriptoribus,</strong></span> <span class='ocrx_word' id='word_1_66' title='bbox 1309 1154 1440 1192; x_wconf 88' lang='lat' dir='ltr'><strong>cum</strong></span> <span class='ocrx_word' id='word_1_67' title='bbox 1481 1138 1607 1210; x_wconf 83' lang='lat' dir='ltr'><strong>jam</strong></span> <span class='ocrx_word' id='word_1_68' title='bbox 1654 1155 1727 1192; x_wconf 84' lang='lat' dir='ltr'><strong>ex</strong></span> <span class='ocrx_word' id='word_1_69' title='bbox 1770 1133 1869 1206; x_wconf 88' lang='lat' dir='ltr'><strong>iis,</strong></span> <span class='ocrx_word' id='word_1_70' title='bbox 1936 1153 2087 1209; x_wconf 87' lang='lat' dir='ltr'><strong>quae</strong></span> <span class='ocrx_word' id='word_1_71' title='bbox 2134 1133 2207 1190; x_wconf 91' lang='lat' dir='ltr'><strong>de</strong></span> <span class='ocrx_word' id='word_1_72' title='bbox 2252 1131 2501 1208; x_wconf 84' lang='lat' dir='ltr'><strong>singulis</strong></span> <span class='ocrx_word' id='word_1_73' title='bbox 2546 1131 2693 1190; x_wconf 86' lang='lat' dir='ltr'><strong>viris</strong></span> <span class='ocrx_word' id='word_1_74' title='bbox 2738 1133 2833 1190; x_wconf 80' lang='lat' dir='ltr'><strong>vel</strong></span> 
     </span>
     <span class='ocr_line' id='line_1_11' title="bbox 595 1220 2833 1300; baseline -0.001 -20"><span class='ocrx_word' id='word_1_75' title='bbox 595 1224 668 1280; x_wconf 83' lang='lat' dir='ltr'><strong>de</strong></span> <span class='ocrx_word' id='word_1_76' title='bbox 715 1223 966 1299; x_wconf 84' lang='lat' dir='ltr'><strong>singulis</strong></span> <span class='ocrx_word' id='word_1_77' title='bbox 1013 1223 1292 1282; x_wconf 85' lang='lat' dir='ltr'><strong>ecclesiae</strong></span> <span class='ocrx_word' id='word_1_78' title='bbox 1339 1223 1615 1300; x_wconf 88' lang='lat' dir='ltr'><strong>partibus</strong></span> <span class='ocrx_word' id='word_1_79' title='bbox 1660 1222 1887 1281; x_wconf 87' lang='lat' dir='ltr'><strong>tradita</strong></span> <span class='ocrx_word' id='word_1_80' title='bbox 1928 1228 2082 1294; x_wconf 86' lang='lat' dir='ltr'><strong>sunt,</strong></span> <span class='ocrx_word' id='word_1_81' title='bbox 2130 1241 2280 1296; x_wconf 89' lang='lat' dir='ltr'><strong>quae</strong></span> <span class='ocrx_word' id='word_1_82' title='bbox 2311 1220 2494 1279; x_wconf 86' lang='lat' dir='ltr'><strong>fuerit</strong></span> <span class='ocrx_word' id='word_1_83' title='bbox 2522 1220 2833 1279; x_wconf 85' lang='lat' dir='ltr'><strong>universae</strong></span> 
     </span>
     <span class='ocr_line' id='line_1_12' title="bbox 595 1309 2834 1388; baseline -0.002 -18"><span class='ocrx_word' id='word_1_84' title='bbox 595 1312 876 1371; x_wconf 87' lang='lat' dir='ltr'><strong>ecclesiae</strong></span> <span class='ocrx_word' id='word_1_85' title='bbox 922 1317 1153 1385; x_wconf 87' lang='lat' dir='ltr'><strong>natura,</strong></span> <span class='ocrx_word' id='word_1_86' title='bbox 1202 1311 1476 1388; x_wconf 79' lang='lat' dir='ltr'><strong>cognosci</strong></span> <span class='ocrx_word' id='word_1_87' title='bbox 1521 1312 1715 1370; x_wconf 83' lang='lat' dir='ltr'><strong>liceat.</strong></span> <span class='ocrx_word' id='word_1_88' title='bbox 1792 1310 2007 1387; x_wconf 88' lang='lat' dir='ltr'><strong>Itaque</strong></span> <span class='ocrx_word' id='word_1_89' title='bbox 2056 1331 2187 1368; x_wconf 90' lang='lat' dir='ltr'><strong>cum</strong></span> <span class='ocrx_word' id='word_1_90' title='bbox 2233 1311 2295 1367; x_wconf 89' lang='lat' dir='ltr'><strong>in</strong></span> <span class='ocrx_word' id='word_1_91' title='bbox 2336 1310 2581 1368; x_wconf 88' lang='lat' dir='ltr'><strong>alterius</strong></span> <span class='ocrx_word' id='word_1_92' title='bbox 2612 1309 2685 1367; x_wconf 88' lang='lat' dir='ltr'><strong>de</strong></span> <span class='ocrx_word' id='word_1_93' title='bbox 2716 1329 2834 1385; x_wconf 87' lang='lat' dir='ltr'><strong>qua</strong></span> 
     </span>
     <span class='ocr_line' id='line_1_13' title="bbox 595 1398 2834 1478; baseline -0.001 -20"><span class='ocrx_word' id='word_1_94' title='bbox 595 1400 848 1458; x_wconf 83' lang='lat' dir='ltr'><strong>diximus</strong></span> <span class='ocrx_word' id='word_1_95' title='bbox 867 1445 880 1472; x_wconf 86' lang='lat'><strong>,</strong></span> <span class='ocrx_word' id='word_1_96' title='bbox 949 1401 1164 1460; x_wconf 84' lang='lat' dir='ltr'><strong>aetatis</strong></span> <span class='ocrx_word' id='word_1_97' title='bbox 1225 1401 1433 1478; x_wconf 82' lang='lat' dir='ltr'><strong>priore&#39;</strong></span> <span class='ocrx_word' id='word_1_98' title='bbox 1484 1406 1657 1478; x_wconf 90' lang='lat' dir='ltr'><strong>parte</strong></span> <span class='ocrx_word' id='word_1_99' title='bbox 1719 1400 1835 1459; x_wconf 90' lang='lat' dir='ltr'><strong>duo</strong></span> <span class='ocrx_word' id='word_1_100' title='bbox 1895 1399 2268 1477; x_wconf 89' lang='lat' dir='ltr'><strong>potissimum</strong></span> <span class='ocrx_word' id='word_1_101' title='bbox 2332 1399 2476 1472; x_wconf 85' lang='lat' dir='ltr'><strong>viri,</strong></span> <span class='ocrx_word' id='word_1_102' title='bbox 2546 1398 2834 1458; x_wconf 87' lang='lat' dir='ltr'><strong>Columba</strong></span> 
     </span>
     <span class='ocr_line' id='line_1_14' title="bbox 595 1487 2834 1564; baseline -0 -18"><span class='ocrx_word' id='word_1_103' title='bbox 595 1489 864 1548; x_wconf 88' lang='lat' dir='ltr'><strong>Hiiensis</strong></span> <span class='ocrx_word' id='word_1_104' title='bbox 911 1495 974 1548; x_wconf 90' lang='lat' dir='ltr'><strong>et</strong></span> <span class='ocrx_word' id='word_1_105' title='bbox 1027 1488 1316 1548; x_wconf 87' lang='lat' dir='ltr'><strong>Columba</strong></span> <span class='ocrx_word' id='word_1_106' title='bbox 1362 1488 1757 1548; x_wconf 81' lang='lat' dir='ltr'><strong>Luxoviensis</strong></span> <span class='ocrx_word' id='word_1_107' title='bbox 1813 1509 1885 1546; x_wconf 87' lang='lat' dir='ltr'><strong>ex</strong></span> <span class='ocrx_word' id='word_1_108' title='bbox 1944 1488 2305 1547; x_wconf 81' lang='lat' dir='ltr'><strong>umbraculis</strong></span> <span class='ocrx_word' id='word_1_109' title='bbox 2360 1487 2709 1564; x_wconf 78' lang='lat' dir='ltr'><strong>procedant,</strong></span> <span class='ocrx_word' id='word_1_110' title='bbox 2771 1488 2834 1545; x_wconf 87' lang='lat' dir='ltr'><strong>in</strong></span> 
     </span>
     <span class='ocr_line' id='line_1_15' title="bbox 593 1576 2831 1655; baseline -0.001 -19"><span class='ocrx_word' id='word_1_111' title='bbox 593 1579 779 1636; x_wconf 89' lang='lat' dir='ltr'><strong>altera</strong></span> <span class='ocrx_word' id='word_1_112' title='bbox 842 1583 1038 1635; x_wconf 90' lang='lat' dir='ltr'><strong>autem</strong></span> <span class='ocrx_word' id='word_1_113' title='bbox 1098 1584 1268 1655; x_wconf 87' lang='lat' dir='ltr'><strong>parte</strong></span> <span class='ocrx_word' id='word_1_114' title='bbox 1332 1577 1404 1635; x_wconf 89' lang='lat' dir='ltr'><strong>de</strong></span> <span class='ocrx_word' id='word_1_115' title='bbox 1463 1598 1580 1636; x_wconf 88' lang='lat' dir='ltr'><strong>una</strong></span> <span class='ocrx_word' id='word_1_116' title='bbox 1628 1577 1905 1637; x_wconf 87' lang='lat' dir='ltr'><strong>ecclesiae</strong></span> <span class='ocrx_word' id='word_1_117' title='bbox 1950 1584 2146 1655; x_wconf 89' lang='lat' dir='ltr'><strong>parte,</strong></span> <span class='ocrx_word' id='word_1_118' title='bbox 2208 1576 2831 1652; x_wconf 83' lang='lat' dir='ltr'><strong>Nordanhymbrorum</strong></span> 
     </span>
     <span class='ocr_line' id='line_1_16' title="bbox 593 1665 2834 1745; baseline -0.001 -20"><span class='ocrx_word' id='word_1_119' title='bbox 593 1666 856 1741; x_wconf 90' lang='lat' dir='ltr'><strong>ecclesia,</strong></span> <span class='ocrx_word' id='word_1_120' title='bbox 886 1667 1060 1744; x_wconf 87' lang='lat' dir='ltr'><strong>plura</strong></span> <span class='ocrx_word' id='word_1_121' title='bbox 1093 1672 1380 1739; x_wconf 84' lang='lat' dir='ltr'><strong>constent,</strong></span> <span class='ocrx_word' id='word_1_122' title='bbox 1412 1667 1667 1745; x_wconf 87' lang='lat' dir='ltr'><strong>primum</strong></span> <span class='ocrx_word' id='word_1_123' title='bbox 1699 1665 1772 1724; x_wconf 88' lang='lat' dir='ltr'><strong>de</strong></span> <span class='ocrx_word' id='word_1_124' title='bbox 1804 1666 2162 1744; x_wconf 89' lang='lat' dir='ltr'><strong>primordiis,</strong></span> <span class='ocrx_word' id='word_1_125' title='bbox 2194 1665 2405 1724; x_wconf 87' lang='lat' dir='ltr'><strong>deinde</strong></span> <span class='ocrx_word' id='word_1_126' title='bbox 2438 1666 2511 1723; x_wconf 87' lang='lat' dir='ltr'><strong>de</strong></span> <span class='ocrx_word' id='word_1_127' title='bbox 2544 1665 2834 1726; x_wconf 84' lang='lat' dir='ltr'><strong>Columba</strong></span> 
     </span>
     <span class='ocr_line' id='line_1_17' title="bbox 592 1753 2833 1834; baseline -0 -21"><span class='ocrx_word' id='word_1_128' title='bbox 592 1755 854 1830; x_wconf 88' lang='lat' dir='ltr'><strong>Hiiensi,</strong></span> <span class='ocrx_word' id='word_1_129' title='bbox 915 1761 1044 1814; x_wconf 88' lang='lat' dir='ltr'><strong>tum</strong></span> <span class='ocrx_word' id='word_1_130' title='bbox 1099 1755 1360 1834; x_wconf 86' lang='lat' dir='ltr'><strong>seposito</strong></span> <span class='ocrx_word' id='word_1_131' title='bbox 1415 1756 1490 1814; x_wconf 89' lang='lat' dir='ltr'><strong>ad</strong></span> <span class='ocrx_word' id='word_1_132' title='bbox 1548 1763 1781 1834; x_wconf 88' lang='lat' dir='ltr'><strong>tempus</strong></span> <span class='ocrx_word' id='word_1_133' title='bbox 1828 1755 2121 1814; x_wconf 81' lang='lat' dir='ltr'><strong>Columba</strong></span> <span class='ocrx_word' id='word_1_134' title='bbox 2163 1753 2550 1828; x_wconf 81' lang='lat' dir='ltr'><strong>Luxoviensi,</strong></span> <span class='ocrx_word' id='word_1_135' title='bbox 2612 1755 2833 1832; x_wconf 86' lang='lat' dir='ltr'><strong>quippe</strong></span> 
     </span>
     <span class='ocr_line' id='line_1_18' title="bbox 594 1843 2833 1922; baseline -0 -20"><span class='ocrx_word' id='word_1_136' title='bbox 594 1843 698 1921; x_wconf 87' lang='lat' dir='ltr'><strong>qui</strong></span> <span class='ocrx_word' id='word_1_137' title='bbox 730 1865 802 1902; x_wconf 86' lang='lat' dir='ltr'><strong>ex</strong></span> <span class='ocrx_word' id='word_1_138' title='bbox 831 1845 1032 1922; x_wconf 87' lang='lat' dir='ltr'><strong>patria</strong></span> <span class='ocrx_word' id='word_1_139' title='bbox 1063 1845 1456 1921; x_wconf 87' lang='lat' dir='ltr'><strong>emigraverit,</strong></span> <span class='ocrx_word' id='word_1_140' title='bbox 1489 1845 1562 1902; x_wconf 87' lang='lat' dir='ltr'><strong>de</strong></span> <span class='ocrx_word' id='word_1_141' title='bbox 1586 1845 1641 1905; x_wconf 90' lang='lat' dir='ltr'>N</span> <span class='ocrx_word' id='word_1_142' title='bbox 1646 1845 2215 1920; x_wconf 83' lang='lat' dir='ltr'><strong>ordanhymbrorum</strong></span> <span class='ocrx_word' id='word_1_143' title='bbox 2241 1843 2500 1917; x_wconf 88' lang='lat' dir='ltr'><strong>ecclesia,</strong></span> <span class='ocrx_word' id='word_1_144' title='bbox 2533 1849 2833 1921; x_wconf 90' lang='lat' dir='ltr'><strong>postremo</strong></span> 
     </span>
     <span class='ocr_line' id='line_1_19' title="bbox 591 1933 2833 2009; baseline -0.001 -17"><span class='ocrx_word' id='word_1_145' title='bbox 591 1933 666 1992; x_wconf 90' lang='lat' dir='ltr'><strong>de</strong></span> <span class='ocrx_word' id='word_1_146' title='bbox 713 1933 1002 1992; x_wconf 82' lang='lat' dir='ltr'><strong>Columba</strong></span> <span class='ocrx_word' id='word_1_147' title='bbox 1044 1933 1412 1992; x_wconf 86' lang='lat' dir='ltr'><strong>Luxoviensi</strong></span> <span class='ocrx_word' id='word_1_148' title='bbox 1457 1940 1518 1992; x_wconf 87' lang='lat' dir='ltr'><strong>et</strong></span> <span class='ocrx_word' id='word_1_149' title='bbox 1563 1933 1637 1991; x_wconf 90' lang='lat' dir='ltr'><strong>de</strong></span> <span class='ocrx_word' id='word_1_150' title='bbox 1684 1935 1773 2007; x_wconf 88' lang='lat' dir='ltr'><strong>iis,</strong></span> <span class='ocrx_word' id='word_1_151' title='bbox 1824 1934 1925 2009; x_wconf 89' lang='lat' dir='ltr'><strong>qui</strong></span> <span class='ocrx_word' id='word_1_152' title='bbox 1974 1953 2103 1992; x_wconf 91' lang='lat' dir='ltr'><strong>cum</strong></span> <span class='ocrx_word' id='word_1_153' title='bbox 2152 1953 2221 1990; x_wconf 92' lang='lat' dir='ltr'><strong>eo</strong></span> <span class='ocrx_word' id='word_1_154' title='bbox 2269 1933 2362 1992; x_wconf 86' lang='lat' dir='ltr'><strong>vel</strong></span> <span class='ocrx_word' id='word_1_155' title='bbox 2412 1940 2547 2008; x_wconf 91' lang='lat' dir='ltr'><strong>post</strong></span> <span class='ocrx_word' id='word_1_156' title='bbox 2594 1953 2722 1989; x_wconf 89' lang='lat' dir='ltr'><strong>cum</strong></span> <span class='ocrx_word' id='word_1_157' title='bbox 2772 1933 2833 1990; x_wconf 87' lang='lat' dir='ltr'><strong>in</strong></span> 
     </span>
     <span class='ocr_line' id='line_1_20' title="bbox 594 2020 2721 2100; baseline -0.001 -20"><span class='ocrx_word' id='word_1_158' title='bbox 594 2021 792 2081; x_wconf 77' lang='lat' dir='ltr'><strong>Gallia</strong></span> <span class='ocrx_word' id='word_1_159' title='bbox 841 2030 902 2082; x_wconf 88' lang='lat' dir='ltr'><strong>et</strong></span> <span class='ocrx_word' id='word_1_160' title='bbox 949 2020 1272 2082; x_wconf 80' lang='lat' dir='ltr'><strong>Germania</strong></span> <span class='ocrx_word' id='word_1_161' title='bbox 1316 2023 1871 2100; x_wconf 85' lang='lat' dir='ltr'><strong>peregrinabantur,</strong></span> <span class='ocrx_word' id='word_1_162' title='bbox 1919 2023 2324 2082; x_wconf 84' lang='lat' dir='ltr'><strong>disserendum</strong></span> <span class='ocrx_word' id='word_1_163' title='bbox 2372 2023 2543 2080; x_wconf 90' lang='lat' dir='ltr'><strong>nobis</strong></span> <span class='ocrx_word' id='word_1_164' title='bbox 2589 2022 2721 2080; x_wconf 89' lang='lat' dir='ltr'><strong>erit.</strong></span> 
     </span>
    </p>
   </div>
   <div class='ocr_carea' id='block_1_3' title="bbox 585 2163 2833 4037">
    <p class='ocr_par' dir='ltr' id='par_1_4' title="bbox 1544 2163 1881 2230">
     <span class='ocr_line' id='line_1_21' title="bbox 1544 2163 1881 2230; baseline 0.006 -3"><span class='ocrx_word' id='word_1_165' title='bbox 1544 2163 1881 2230; x_wconf 67' lang='lat' dir='ltr'><strong>primordiis</strong></span> 
     </span>
    </p>

    <p class='ocr_par' dir='ltr' id='par_1_5' title="bbox 585 2288 2833 4037">
     <span class='ocr_line' id='line_1_22' title="bbox 590 2288 2833 2367; baseline 0 -20"><span class='ocrx_word' id='word_1_166' title='bbox 590 2290 802 2367; x_wconf 84' lang='lat' dir='ltr'><strong>igitur,</strong></span> <span class='ocrx_word' id='word_1_167' title='bbox 863 2289 936 2347; x_wconf 90' lang='lat' dir='ltr'><strong>de</strong></span> <span class='ocrx_word' id='word_1_168' title='bbox 997 2289 1213 2365; x_wconf 89' lang='lat' dir='ltr'><strong>quibus</strong></span> <span class='ocrx_word' id='word_1_169' title='bbox 1273 2288 1528 2366; x_wconf 89' lang='lat' dir='ltr'><strong>primum</strong></span> <span class='ocrx_word' id='word_1_170' title='bbox 1583 2288 1898 2346; x_wconf 86' lang='lat' dir='ltr'><strong>dicendum</strong></span> <span class='ocrx_word' id='word_1_171' title='bbox 1947 2294 2061 2362; x_wconf 87' lang='lat' dir='ltr'><strong>est,</strong></span> <span class='ocrx_word' id='word_1_172' title='bbox 2122 2295 2244 2348; x_wconf 89' lang='lat' dir='ltr'><strong>tam</strong></span> <span class='ocrx_word' id='word_1_173' title='bbox 2292 2289 2506 2346; x_wconf 82' lang='lat' dir='ltr'><strong>densae</strong></span> <span class='ocrx_word' id='word_1_174' title='bbox 2552 2290 2833 2347; x_wconf 82' lang='lat' dir='ltr'><strong>tenebrae</strong></span> 
     </span>
     <span class='ocr_line' id='line_1_23' title="bbox 591 2373 2831 2457; baseline 0 -21"><span class='ocrx_word' id='word_1_175' title='bbox 591 2377 810 2437; x_wconf 86' lang='lat' dir='ltr'><strong>offusae</strong></span> <span class='ocrx_word' id='word_1_176' title='bbox 871 2384 1036 2452; x_wconf 89' lang='lat' dir='ltr'><strong>sunt,</strong></span> <span class='ocrx_word' id='word_1_177' title='bbox 1102 2384 1173 2436; x_wconf 90' lang='lat' dir='ltr'><strong>ut</strong></span> <span class='ocrx_word' id='word_1_178' title='bbox 1223 2377 1576 2457; x_wconf 85' lang='lat' dir='ltr'><strong>perdifficile</strong></span> <span class='ocrx_word' id='word_1_179' title='bbox 1632 2377 1713 2436; x_wconf 88' lang='lat' dir='ltr'><strong>sit</strong></span> <span class='ocrx_word' id='word_1_180' title='bbox 1766 2378 1838 2436; x_wconf 88' lang='lat' dir='ltr'><strong>de</strong></span> <span class='ocrx_word' id='word_1_181' title='bbox 1883 2379 1993 2436; x_wconf 89' lang='lat' dir='ltr'><strong>hac</strong></span> <span class='ocrx_word' id='word_1_182' title='bbox 2037 2377 2236 2457; x_wconf 89' lang='lat' dir='ltr'><strong>priore</strong></span> <span class='ocrx_word' id='word_1_183' title='bbox 2284 2384 2479 2436; x_wconf 87' lang='lat' dir='ltr'><strong>aetate</strong></span> <span class='ocrx_word' id='word_1_184' title='bbox 2527 2373 2831 2437; x_wconf 84' lang='lat' dir='ltr'><strong>disserere.</strong></span> 
     </span>
     <span class='ocr_line' id='line_1_24' title="bbox 589 2468 2832 2549; baseline 0 -24"><span class='ocrx_word' id='word_1_185' title='bbox 589 2468 791 2527; x_wconf 84' lang='lat' dir='ltr'><strong>Facile</strong></span> <span class='ocrx_word' id='word_1_186' title='bbox 847 2473 1028 2541; x_wconf 89' lang='lat' dir='ltr'><strong>esset,</strong></span> <span class='ocrx_word' id='word_1_187' title='bbox 1090 2468 1140 2526; x_wconf 91' lang='lat' dir='ltr'><strong>si</strong></span> <span class='ocrx_word' id='word_1_188' title='bbox 1195 2468 1695 2543; x_wconf 83' lang='lat' dir='ltr'><strong>acquiesceremus</strong></span> <span class='ocrx_word' id='word_1_189' title='bbox 1751 2468 2068 2527; x_wconf 85' lang='lat' dir='ltr'><strong>refutanda</strong></span> <span class='ocrx_word' id='word_1_190' title='bbox 2115 2488 2316 2525; x_wconf 90' lang='lat' dir='ltr'><strong>eorum</strong></span> <span class='ocrx_word' id='word_1_191' title='bbox 2363 2468 2665 2549; x_wconf 84' lang='lat' dir='ltr'><strong>opinione,</strong></span> <span class='ocrx_word' id='word_1_192' title='bbox 2730 2468 2832 2544; x_wconf 89' lang='lat' dir='ltr'><strong>qui</strong></span> 
     </span>
     <span class='ocr_line' id='line_1_25' title="bbox 590 2553 2832 2632; baseline -0 -18"><span class='ocrx_word' id='word_1_193' title='bbox 590 2557 957 2616; x_wconf 87' lang='lat' dir='ltr'><strong>contendunt</strong></span> <span class='ocrx_word' id='word_1_194' title='bbox 1003 2556 1474 2632; x_wconf 88' lang='lat' dir='ltr'><strong>antiquissimam</strong></span> <span class='ocrx_word' id='word_1_195' title='bbox 1514 2560 1639 2632; x_wconf 85' lang='lat' dir='ltr'><strong>jam</strong></span> <span class='ocrx_word' id='word_1_196' title='bbox 1673 2553 1988 2615; x_wconf 85' lang='lat' dir='ltr'><strong>Scotorum</strong></span> <span class='ocrx_word' id='word_1_197' title='bbox 2030 2558 2333 2615; x_wconf 89' lang='lat' dir='ltr'><strong>ecclesiam</strong></span> <span class='ocrx_word' id='word_1_198' title='bbox 2366 2576 2497 2614; x_wconf 87' lang='lat' dir='ltr'><strong>cum</strong></span> <span class='ocrx_word' id='word_1_199' title='bbox 2540 2556 2832 2614; x_wconf 85' lang='lat' dir='ltr'><strong>catholica</strong></span> 
     </span>
     <span class='ocr_line' id='line_1_26' title="bbox 591 2643 2831 2705; baseline -0.001 -2"><span class='ocrx_word' id='word_1_200' title='bbox 591 2666 707 2703; x_wconf 92' lang='lat' dir='ltr'><strong>non</strong></span> <span class='ocrx_word' id='word_1_201' title='bbox 767 2645 831 2703; x_wconf 90' lang='lat' dir='ltr'><strong>in</strong></span> <span class='ocrx_word' id='word_1_202' title='bbox 887 2645 1158 2703; x_wconf 90' lang='lat' dir='ltr'><strong>omnibus</strong></span> <span class='ocrx_word' id='word_1_203' title='bbox 1205 2645 1580 2705; x_wconf 84' lang='lat' dir='ltr'><strong>consensisse.</strong></span> <span class='ocrx_word' id='word_1_204' title='bbox 1672 2645 1825 2705; x_wconf 83' lang='lat' dir='ltr'><strong>Nam</strong></span> <span class='ocrx_word' id='word_1_205' title='bbox 1874 2646 2101 2703; x_wconf 90' lang='lat' dir='ltr'><strong>nullum</strong></span> <span class='ocrx_word' id='word_1_206' title='bbox 2144 2651 2338 2704; x_wconf 85' lang='lat' dir='ltr'><strong>exstat</strong></span> <span class='ocrx_word' id='word_1_207' title='bbox 2383 2643 2561 2703; x_wconf 89' lang='lat' dir='ltr'><strong>ullius</strong></span> <span class='ocrx_word' id='word_1_208' title='bbox 2608 2645 2831 2703; x_wconf 89' lang='lat' dir='ltr'><strong>dissen-</strong></span> 
     </span>
     <span class='ocr_line' id='line_1_27' title="bbox 589 2733 2829 2812; baseline -0 -20"><span class='ocrx_word' id='word_1_209' title='bbox 589 2734 770 2792; x_wconf 87' lang='lat' dir='ltr'><strong>sionis</strong></span> <span class='ocrx_word' id='word_1_210' title='bbox 825 2733 1229 2792; x_wconf 90' lang='lat' dir='ltr'><strong>testimonium</strong></span> <span class='ocrx_word' id='word_1_211' title='bbox 1284 2754 1472 2810; x_wconf 87' lang='lat' dir='ltr'><strong>neque</strong></span> <span class='ocrx_word' id='word_1_212' title='bbox 1527 2734 1643 2812; x_wconf 89' lang='lat' dir='ltr'><strong>ipsi</strong></span> <span class='ocrx_word' id='word_1_213' title='bbox 1690 2734 1821 2793; x_wconf 89' lang='lat' dir='ltr'><strong>aliis</strong></span> <span class='ocrx_word' id='word_1_214' title='bbox 1869 2734 2231 2811; x_wconf 86' lang='lat' dir='ltr'><strong>argumentis</strong></span> <span class='ocrx_word' id='word_1_215' title='bbox 2276 2738 2529 2792; x_wconf 88' lang='lat' dir='ltr'><strong>utuntur</strong></span> <span class='ocrx_word' id='word_1_216' title='bbox 2574 2734 2687 2792; x_wconf 90' lang='lat' dir='ltr'><strong>nisi</strong></span> <span class='ocrx_word' id='word_1_217' title='bbox 2733 2733 2829 2791; x_wconf 90' lang='lat' dir='ltr'><strong>de-</strong></span> 
     </span>
     <span class='ocr_line' id='line_1_28' title="bbox 595 2821 2831 2900; baseline -0.001 -19"><span class='ocrx_word' id='word_1_218' title='bbox 595 2821 847 2899; x_wconf 89' lang='lat' dir='ltr'><strong>sumptis</strong></span> <span class='ocrx_word' id='word_1_219' title='bbox 903 2842 975 2879; x_wconf 76' lang='grc'><strong>611</strong></span> <span class='ocrx_word' id='word_1_220' title='bbox 1020 2822 1415 2900; x_wconf 87' lang='lat' dir='ltr'><strong>posteriorum</strong></span> <span class='ocrx_word' id='word_1_221' title='bbox 1461 2828 1795 2899; x_wconf 88' lang='lat' dir='ltr'><strong>temporum</strong></span> <span class='ocrx_word' id='word_1_222' title='bbox 1842 2822 2035 2881; x_wconf 90' lang='lat' dir='ltr'><strong>rebus.</strong></span> <span class='ocrx_word' id='word_1_223' title='bbox 2112 2822 2286 2881; x_wconf 88' lang='lat' dir='ltr'><strong>Hanc</strong></span> <span class='ocrx_word' id='word_1_224' title='bbox 2332 2827 2529 2880; x_wconf 89' lang='lat' dir='ltr'><strong>autem</strong></span> <span class='ocrx_word' id='word_1_225' title='bbox 2562 2842 2831 2899; x_wconf 89' lang='lat' dir='ltr'><strong>perscru-</strong></span> 
     </span>
     <span class='ocr_line' id='line_1_29' title="bbox 589 2910 2829 2986; baseline -0 -17"><span class='ocrx_word' id='word_1_226' title='bbox 589 2911 806 2970; x_wconf 87' lang='lat' dir='ltr'><strong>tandae</strong></span> <span class='ocrx_word' id='word_1_227' title='bbox 853 2910 1230 2986; x_wconf 87' lang='lat' dir='ltr'><strong>antiquitatis</strong></span> <span class='ocrx_word' id='word_1_228' title='bbox 1275 2910 1564 2969; x_wconf 90' lang='lat' dir='ltr'><strong>rationem</strong></span> <span class='ocrx_word' id='word_1_229' title='bbox 1613 2910 2050 2969; x_wconf 87' lang='lat' dir='ltr'><strong>fallacissimam</strong></span> <span class='ocrx_word' id='word_1_230' title='bbox 2098 2932 2221 2969; x_wconf 84' lang='lat' dir='ltr'><strong>esse</strong></span> <span class='ocrx_word' id='word_1_231' title='bbox 2266 2912 2377 2969; x_wconf 91' lang='lat' dir='ltr'><strong>hoc</strong></span> <span class='ocrx_word' id='word_1_232' title='bbox 2424 2930 2659 2986; x_wconf 89' lang='lat' dir='ltr'><strong>quoque</strong></span> <span class='ocrx_word' id='word_1_233' title='bbox 2700 2911 2829 2968; x_wconf 93' lang='lat' dir='ltr'><strong>loco</strong></span> 
     </span>
     <span class='ocr_line' id='line_1_30' title="bbox 589 2998 2828 3077; baseline -0.001 -18"><span class='ocrx_word' id='word_1_234' title='bbox 589 3020 661 3059; x_wconf 86' lang='lat' dir='ltr'><strong>ex</strong></span> <span class='ocrx_word' id='word_1_235' title='bbox 707 3000 780 3058; x_wconf 88' lang='lat' dir='ltr'><strong>iis</strong></span> <span class='ocrx_word' id='word_1_236' title='bbox 825 3006 1092 3077; x_wconf 86' lang='lat' dir='ltr'><strong>apparet,</strong></span> <span class='ocrx_word' id='word_1_237' title='bbox 1141 3018 1290 3077; x_wconf 85' lang='lat' dir='ltr'><strong>quae</strong></span> <span class='ocrx_word' id='word_1_238' title='bbox 1337 3004 1498 3059; x_wconf 80' lang='lat' dir='ltr'><strong>certo</strong></span> <span class='ocrx_word' id='word_1_239' title='bbox 1541 3000 1755 3058; x_wconf 87' lang='lat' dir='ltr'><strong>scimus</strong></span> <span class='ocrx_word' id='word_1_240' title='bbox 1802 2998 1874 3057; x_wconf 89' lang='lat' dir='ltr'><strong>de</strong></span> <span class='ocrx_word' id='word_1_241' title='bbox 1921 3000 2199 3059; x_wconf 86' lang='lat' dir='ltr'><strong>ecclesiae</strong></span> <span class='ocrx_word' id='word_1_242' title='bbox 2232 2998 2543 3057; x_wconf 83' lang='lat' dir='ltr'><strong>Scotorum</strong></span> <span class='ocrx_word' id='word_1_243' title='bbox 2577 2998 2828 3077; x_wconf 87' lang='lat' dir='ltr'><strong>primor-</strong></span> 
     </span>
     <span class='ocr_line' id='line_1_31' title="bbox 589 3088 2828 3162; baseline -0 -16"><span class='ocrx_word' id='word_1_244' title='bbox 589 3089 716 3147; x_wconf 90' lang='lat' dir='ltr'><strong>diis.</strong></span> <span class='ocrx_word' id='word_1_245' title='bbox 809 3088 1064 3147; x_wconf 81' lang='lat' dir='ltr'><strong>Constat</strong></span> <span class='ocrx_word' id='word_1_246' title='bbox 1125 3088 1282 3146; x_wconf 83' lang='lat' dir='ltr'><strong>enim</strong></span> <span class='ocrx_word' id='word_1_247' title='bbox 1335 3088 1494 3147; x_wconf 89' lang='lat' dir='ltr'><strong>inter</strong></span> <span class='ocrx_word' id='word_1_248' title='bbox 1549 3108 1749 3146; x_wconf 88' lang='lat' dir='ltr'><strong>omnes</strong></span> <span class='ocrx_word' id='word_1_249' title='bbox 1797 3088 2151 3161; x_wconf 87' lang='lat' dir='ltr'><strong>Patricium,</strong></span> <span class='ocrx_word' id='word_1_250' title='bbox 2214 3088 2453 3146; x_wconf 90' lang='lat' dir='ltr'><strong>natione</strong></span> <span class='ocrx_word' id='word_1_251' title='bbox 2500 3088 2828 3162; x_wconf 89' lang='lat' dir='ltr'><strong>Britonem,</strong></span> 
     </span>
     <span class='ocr_line' id='line_1_32' title="bbox 589 3175 2827 3255; baseline 0 -20"><span class='ocrx_word' id='word_1_252' title='bbox 589 3175 898 3235; x_wconf 86' lang='lat' dir='ltr'><strong>Scotorum</strong></span> <span class='ocrx_word' id='word_1_253' title='bbox 944 3176 1154 3235; x_wconf 89' lang='lat' dir='ltr'><strong>haberi</strong></span> <span class='ocrx_word' id='word_1_254' title='bbox 1201 3179 1551 3254; x_wconf 87' lang='lat' dir='ltr'><strong>apostolum,</strong></span> <span class='ocrx_word' id='word_1_255' title='bbox 1600 3198 1807 3254; x_wconf 88' lang='lat' dir='ltr'><strong>neque,</strong></span> <span class='ocrx_word' id='word_1_256' title='bbox 1855 3182 1923 3236; x_wconf 89' lang='lat' dir='ltr'><strong>ut</strong></span> <span class='ocrx_word' id='word_1_257' title='bbox 1968 3182 2178 3255; x_wconf 85' lang='lat' dir='ltr'><strong>postea</strong></span> <span class='ocrx_word' id='word_1_258' title='bbox 2224 3176 2574 3249; x_wconf 87' lang='lat' dir='ltr'><strong>videbimus,</strong></span> <span class='ocrx_word' id='word_1_259' title='bbox 2622 3176 2827 3235; x_wconf 87' lang='lat' dir='ltr'><strong>fictum</strong></span> 
     </span>
     <span class='ocr_line' id='line_1_33' title="bbox 589 3265 2826 3343; baseline 0 -20"><span class='ocrx_word' id='word_1_260' title='bbox 589 3272 678 3325; x_wconf 88' lang='lat' dir='ltr'><strong>est</strong></span> <span class='ocrx_word' id='word_1_261' title='bbox 725 3286 857 3324; x_wconf 92' lang='lat' dir='ltr'><strong>eum</strong></span> <span class='ocrx_word' id='word_1_262' title='bbox 904 3265 1101 3342; x_wconf 89' lang='lat' dir='ltr'><strong>priore</strong></span> <span class='ocrx_word' id='word_1_263' title='bbox 1149 3266 1366 3325; x_wconf 89' lang='lat' dir='ltr'><strong>saeculi</strong></span> <span class='ocrx_word' id='word_1_264' title='bbox 1413 3266 1608 3342; x_wconf 89' lang='lat' dir='ltr'><strong>quinti</strong></span> <span class='ocrx_word' id='word_1_265' title='bbox 1655 3273 1825 3343; x_wconf 84' lang='lat' dir='ltr'><strong>parte</strong></span> <span class='ocrx_word' id='word_1_266' title='bbox 1870 3265 2047 3323; x_wconf 89' lang='lat' dir='ltr'><strong>fidem</strong></span> <span class='ocrx_word' id='word_1_267' title='bbox 2091 3265 2472 3325; x_wconf 86' lang='lat' dir='ltr'><strong>christianam</strong></span> <span class='ocrx_word' id='word_1_268' title='bbox 2515 3266 2575 3323; x_wconf 91' lang='lat' dir='ltr'><strong>in</strong></span> <span class='ocrx_word' id='word_1_269' title='bbox 2608 3266 2826 3324; x_wconf 89' lang='lat' dir='ltr'><strong>Hiber-</strong></span> 
     </span>
     <span class='ocr_line' id='line_1_34' title="bbox 587 3354 2829 3432; baseline 0 -20"><span class='ocrx_word' id='word_1_270' title='bbox 587 3355 744 3413; x_wconf 86' lang='lat' dir='ltr'><strong>niam</strong></span> <span class='ocrx_word' id='word_1_271' title='bbox 794 3354 1080 3412; x_wconf 86' lang='lat' dir='ltr'><strong>attulisse.</strong></span> <span class='ocrx_word' id='word_1_272' title='bbox 1158 3354 1323 3431; x_wconf 86' lang='lat' dir='ltr'><strong>Ergo</strong></span> <span class='ocrx_word' id='word_1_273' title='bbox 1372 3376 1500 3413; x_wconf 91' lang='lat' dir='ltr'><strong>cum</strong></span> <span class='ocrx_word' id='word_1_274' title='bbox 1549 3354 1865 3413; x_wconf 89' lang='lat' dir='ltr'><strong>Britonum</strong></span> <span class='ocrx_word' id='word_1_275' title='bbox 1912 3354 2158 3412; x_wconf 89' lang='lat' dir='ltr'><strong>ecclesia</strong></span> <span class='ocrx_word' id='word_1_276' title='bbox 2206 3375 2275 3413; x_wconf 88' lang='lat' dir='ltr'><strong>ea</strong></span> <span class='ocrx_word' id='word_1_277' title='bbox 2306 3355 2435 3432; x_wconf 88' lang='lat' dir='ltr'><strong>ipsa</strong></span> <span class='ocrx_word' id='word_1_278' title='bbox 2466 3361 2662 3414; x_wconf 88' lang='lat' dir='ltr'><strong>aetate</strong></span> <span class='ocrx_word' id='word_1_279' title='bbox 2696 3376 2829 3413; x_wconf 92' lang='lat' dir='ltr'><strong>cum</strong></span> 
     </span>
     <span class='ocr_line' id='line_1_35' title="bbox 585 3442 2829 3521; baseline 0 -20"><span class='ocrx_word' id='word_1_280' title='bbox 585 3442 858 3501; x_wconf 83' lang='lat' dir='ltr'><strong>Romana</strong></span> <span class='ocrx_word' id='word_1_281' title='bbox 885 3442 1128 3501; x_wconf 88' lang='lat' dir='ltr'><strong>ecclesia</strong></span> <span class='ocrx_word' id='word_1_282' title='bbox 1153 3444 1387 3501; x_wconf 90' lang='lat' dir='ltr'><strong>omnino</strong></span> <span class='ocrx_word' id='word_1_283' title='bbox 1414 3444 1789 3516; x_wconf 88' lang='lat' dir='ltr'><strong>consentiret,</strong></span> <span class='ocrx_word' id='word_1_284' title='bbox 1817 3442 2127 3502; x_wconf 89' lang='lat' dir='ltr'><strong>Scotorum</strong></span> <span class='ocrx_word' id='word_1_285' title='bbox 2155 3462 2389 3521; x_wconf 90' lang='lat' dir='ltr'><strong>quoque</strong></span> <span class='ocrx_word' id='word_1_286' title='bbox 2414 3443 2829 3519; x_wconf 87' lang='lat' dir='ltr'><strong>antiquissima</strong></span> 
     </span>
     <span class='ocr_line' id='line_1_36' title="bbox 588 3532 2827 3611; baseline -0 -20"><span class='ocrx_word' id='word_1_287' title='bbox 588 3532 832 3591; x_wconf 90' lang='lat' dir='ltr'><strong>ecclesia</strong></span> <span class='ocrx_word' id='word_1_288' title='bbox 880 3552 915 3589; x_wconf 89' lang='lat' dir='ltr'><strong>a</strong></span> <span class='ocrx_word' id='word_1_289' title='bbox 959 3532 1246 3591; x_wconf 85' lang='lat' dir='ltr'><strong>Romanis</strong></span> <span class='ocrx_word' id='word_1_290' title='bbox 1293 3533 1605 3592; x_wconf 87' lang='lat' dir='ltr'><strong>dissentire</strong></span> <span class='ocrx_word' id='word_1_291' title='bbox 1652 3554 1768 3591; x_wconf 87' lang='grc'><strong>11011</strong></span> <span class='ocrx_word' id='word_1_292' title='bbox 1815 3532 2029 3611; x_wconf 88' lang='lat' dir='ltr'><strong>potuit.</strong></span> <span class='ocrx_word' id='word_1_293' title='bbox 2121 3532 2312 3591; x_wconf 90' lang='lat' dir='ltr'><strong>Immo</strong></span> <span class='ocrx_word' id='word_1_294' title='bbox 2360 3539 2595 3592; x_wconf 91' lang='lat' dir='ltr'><strong>tantum</strong></span> <span class='ocrx_word' id='word_1_295' title='bbox 2642 3534 2827 3605; x_wconf 88' lang='lat' dir='ltr'><strong>abest,</strong></span> 
     </span>
     <span class='ocr_line' id='line_1_37' title="bbox 586 3620 2827 3696; baseline 0 -17"><span class='ocrx_word' id='word_1_296' title='bbox 586 3627 655 3679; x_wconf 91' lang='lat' dir='ltr'><strong>ut</strong></span> <span class='ocrx_word' id='word_1_297' title='bbox 701 3620 1110 3696; x_wconf 87' lang='lat' dir='ltr'><strong>antiquissima</strong></span> <span class='ocrx_word' id='word_1_298' title='bbox 1143 3620 1454 3681; x_wconf 87' lang='lat' dir='ltr'><strong>Scotorum</strong></span> <span class='ocrx_word' id='word_1_299' title='bbox 1502 3620 1749 3680; x_wconf 89' lang='lat' dir='ltr'><strong>ecclesia</strong></span> <span class='ocrx_word' id='word_1_300' title='bbox 1796 3642 1927 3679; x_wconf 90' lang='lat' dir='ltr'><strong>cum</strong></span> <span class='ocrx_word' id='word_1_301' title='bbox 1958 3622 2244 3681; x_wconf 86' lang='lat' dir='ltr'><strong>Romanis</strong></span> <span class='ocrx_word' id='word_1_302' title='bbox 2290 3642 2406 3679; x_wconf 91' lang='lat' dir='ltr'><strong>non</strong></span> <span class='ocrx_word' id='word_1_303' title='bbox 2451 3621 2827 3692; x_wconf 87' lang='lat' dir='ltr'><strong>consenserit,</strong></span> 
     </span>
     <span class='ocr_line' id='line_1_38' title="bbox 586 3709 2828 3789; baseline -0 -21"><span class='ocrx_word' id='word_1_304' title='bbox 586 3716 655 3768; x_wconf 92' lang='lat' dir='ltr'><strong>ut</strong></span> <span class='ocrx_word' id='word_1_305' title='bbox 711 3709 1026 3769; x_wconf 88' lang='lat' dir='ltr'><strong>verisimile</strong></span> <span class='ocrx_word' id='word_1_306' title='bbox 1085 3710 1188 3782; x_wconf 90' lang='lat' dir='ltr'><strong>sit,</strong></span> <span class='ocrx_word' id='word_1_307' title='bbox 1252 3710 1428 3769; x_wconf 88' lang='lat' dir='ltr'><strong>fidem</strong></span> <span class='ocrx_word' id='word_1_308' title='bbox 1487 3710 1869 3769; x_wconf 86' lang='lat' dir='ltr'><strong>christianam</strong></span> <span class='ocrx_word' id='word_1_309' title='bbox 1916 3730 2032 3768; x_wconf 89' lang='lat' dir='ltr'><strong>non</strong></span> <span class='ocrx_word' id='word_1_310' title='bbox 2081 3712 2207 3771; x_wconf 89' lang='lat' dir='ltr'><strong>sine</strong></span> <span class='ocrx_word' id='word_1_311' title='bbox 2255 3731 2437 3789; x_wconf 86' lang='lat' dir='ltr'><strong>opera</strong></span> <span class='ocrx_word' id='word_1_312' title='bbox 2482 3710 2828 3787; x_wconf 90' lang='lat' dir='ltr'><strong>pontificum</strong></span> 
     </span>
     <span class='ocr_line' id='line_1_39' title="bbox 587 3798 2827 3877; baseline -0 -20"><span class='ocrx_word' id='word_1_313' title='bbox 587 3798 990 3858; x_wconf 83' lang='lat' dir='ltr'><strong>Romanorum</strong></span> <span class='ocrx_word' id='word_1_314' title='bbox 1048 3798 1110 3857; x_wconf 91' lang='lat' dir='ltr'><strong>in</strong></span> <span class='ocrx_word' id='word_1_315' title='bbox 1157 3798 1512 3859; x_wconf 85' lang='lat' dir='ltr'><strong>Hiberniam</strong></span> <span class='ocrx_word' id='word_1_316' title='bbox 1569 3800 1813 3858; x_wconf 89' lang='lat' dir='ltr'><strong>allatam</strong></span> <span class='ocrx_word' id='word_1_317' title='bbox 1860 3820 2003 3859; x_wconf 89' lang='lat' dir='ltr'><strong>esse.</strong></span> <span class='ocrx_word' id='word_1_318' title='bbox 2097 3800 2271 3875; x_wconf 76' lang='lat' dir='ltr'><strong>Quod</strong></span> <span class='ocrx_word' id='word_1_319' title='bbox 2319 3806 2385 3858; x_wconf 91' lang='lat' dir='ltr'><strong>ut</strong></span> <span class='ocrx_word' id='word_1_320' title='bbox 2432 3800 2827 3877; x_wconf 87' lang='lat' dir='ltr'><strong>comprobem,</strong></span> 
     </span>
     <span class='ocr_line' id='line_1_40' title="bbox 589 3888 2825 3967; baseline -0.001 -20"><span class='ocrx_word' id='word_1_321' title='bbox 589 3888 980 3949; x_wconf 87' lang='lat' dir='ltr'><strong>necessarium</strong></span> <span class='ocrx_word' id='word_1_322' title='bbox 1037 3888 1246 3966; x_wconf 90' lang='lat' dir='ltr'><strong>putavi</strong></span> <span class='ocrx_word' id='word_1_323' title='bbox 1300 3889 1500 3966; x_wconf 91' lang='lat' dir='ltr'><strong>paullo</strong></span> <span class='ocrx_word' id='word_1_324' title='bbox 1548 3889 1853 3949; x_wconf 83' lang='lat' dir='ltr'><strong>verbosius</strong></span> <span class='ocrx_word' id='word_1_325' title='bbox 1900 3888 1973 3949; x_wconf 87' lang='lat' dir='ltr'><strong>de</strong></span> <span class='ocrx_word' id='word_1_326' title='bbox 2021 3891 2297 3949; x_wconf 88' lang='lat' dir='ltr'><strong>ecclesiae</strong></span> <span class='ocrx_word' id='word_1_327' title='bbox 2346 3888 2659 3949; x_wconf 81' lang='lat' dir='ltr'><strong>Scotorum</strong></span> <span class='ocrx_word' id='word_1_328' title='bbox 2704 3888 2825 3967; x_wconf 88' lang='lat' dir='ltr'><strong>pri·</strong></span> 
     </span>
     <span class='ocr_line' id='line_1_41' title="bbox 587 3978 1180 4037; baseline 0 -2"><span class='ocrx_word' id='word_1_329' title='bbox 587 3978 828 4037; x_wconf 87' lang='lat' dir='ltr'><strong>mordiis</strong></span> <span class='ocrx_word' id='word_1_330' title='bbox 875 3978 1180 4036; x_wconf 88' lang='lat' dir='ltr'><strong>disserere.</strong></span> 
     </span>
    </p>
   </div>
   <div class='ocr_carea' id='block_1_4' title="bbox 589 4065 2825 4233">
    <p class='ocr_par' dir='ltr' id='par_1_6' title="bbox 589 4065 2825 4233">
     <span class='ocr_line' id='line_1_42' title="bbox 764 4065 2825 4142; baseline -0.001 -17"><span class='ocrx_word' id='word_1_331' title='bbox 764 4067 1033 4126; x_wconf 82' lang='lat' dir='ltr'><strong>Fuerunt</strong></span> <span class='ocrx_word' id='word_1_332' title='bbox 1065 4086 1204 4126; x_wconf 89' lang='lat' dir='ltr'><strong>vero</strong></span> <span class='ocrx_word' id='word_1_333' title='bbox 1237 4066 1298 4124; x_wconf 90' lang='lat' dir='ltr'><strong>in</strong></span> <span class='ocrx_word' id='word_1_334' title='bbox 1324 4065 1620 4125; x_wconf 86' lang='lat' dir='ltr'><strong>Hibernia</strong></span> <span class='ocrx_word' id='word_1_335' title='bbox 1652 4087 1806 4125; x_wconf 88' lang='lat' dir='ltr'><strong>anno</strong></span> <span class='ocrx_word' id='word_1_336' title='bbox 1842 4066 2077 4126; x_wconf 86' lang='lat' dir='ltr'><strong>circiter</strong></span> <span class='ocrx_word' id='word_1_337' title='bbox 2102 4067 2222 4125; x_wconf 86' lang='lat'><strong>431</strong></span> <span class='ocrx_word' id='word_1_338' title='bbox 2254 4067 2540 4141; x_wconf 91' lang='lat' dir='ltr'><strong>nonnulli,</strong></span> <span class='ocrx_word' id='word_1_339' title='bbox 2574 4065 2825 4142; x_wconf 87' lang='lat' dir='ltr'><strong>quisine</strong></span> 
     </span>
     <span class='ocr_line' id='line_1_43' title="bbox 589 4154 2824 4233; baseline -0.001 -19"><span class='ocrx_word' id='word_1_340' title='bbox 589 4176 766 4233; x_wconf 89' lang='lat' dir='ltr'><strong>opera</strong></span> <span class='ocrx_word' id='word_1_341' title='bbox 795 4154 1218 4229; x_wconf 86' lang='lat' dir='ltr'><strong>Romanorum,</strong></span> <span class='ocrx_word' id='word_1_342' title='bbox 1264 4162 1332 4215; x_wconf 86' lang='lat' dir='ltr'><strong>ut</strong></span> <span class='ocrx_word' id='word_1_343' title='bbox 1379 4155 1629 4229; x_wconf 86' lang='lat' dir='ltr'><strong>videtur,</strong></span> <span class='ocrx_word' id='word_1_344' title='bbox 1678 4156 1755 4215; x_wconf 89' lang='lat' dir='ltr'><strong>ad</strong></span> <span class='ocrx_word' id='word_1_345' title='bbox 1802 4156 2183 4217; x_wconf 88' lang='lat' dir='ltr'><strong>christianam</strong></span> <span class='ocrx_word' id='word_1_346' title='bbox 2223 4154 2399 4213; x_wconf 89' lang='lat' dir='ltr'><strong>fidem</strong></span> <span class='ocrx_word' id='word_1_347' title='bbox 2432 4155 2824 4227; x_wconf 86' lang='lat' dir='ltr'><strong>transiissent,</strong></span> 
     </span>
    </p>
   </div>
   <div class='ocr_carea' id='block_1_5' title="bbox 589 4243 2915 4323">
    <p class='ocr_par' dir='ltr' id='par_1_7' title="bbox 589 4243 2915 4323">
     <span class='ocr_line' id='line_1_44' title="bbox 589 4243 2915 4323; baseline -0.002 -18"><span class='ocrx_word' id='word_1_348' title='bbox 589 4244 691 4305; x_wconf 87' lang='lat' dir='ltr'><strong>sed</strong></span> <span class='ocrx_word' id='word_1_349' title='bbox 734 4244 1016 4322; x_wconf 87' lang='lat' dir='ltr'><strong>perpauci</strong></span> <span class='ocrx_word' id='word_1_350' title='bbox 1063 4250 1250 4317; x_wconf 86' lang='lat' dir='ltr'><strong>erant,</strong></span> <span class='ocrx_word' id='word_1_351' title='bbox 1297 4256 1434 4303; x_wconf 83' lang='lat' dir='ltr'><strong>nam</strong></span> <span class='ocrx_word' id='word_1_352' title='bbox 1479 4246 1685 4303; x_wconf 87' lang='lat' dir='ltr'><strong>eodem</strong></span> <span class='ocrx_word' id='word_1_353' title='bbox 1716 4246 1847 4323; x_wconf 89' lang='lat' dir='ltr'><strong>ipso</strong></span> <span class='ocrx_word' id='word_1_354' title='bbox 1879 4266 2033 4305; x_wconf 89' lang='lat' dir='ltr'><strong>anno</strong></span> <span class='ocrx_word' id='word_1_355' title='bbox 2066 4250 2219 4303; x_wconf 90' lang='lat' dir='ltr'><strong>teste</strong></span> <span class='ocrx_word' id='word_1_356' title='bbox 2250 4244 2547 4323; x_wconf 87' lang='lat' dir='ltr'><strong>Prospero</strong></span> <span class='ocrx_word' id='word_1_357' title='bbox 2581 4243 2825 4319; x_wconf 87' lang='lat' dir='ltr'><strong>(Chron.</strong></span> <span class='ocrx_word' id='word_1_358' title='bbox 2908 4285 2915 4292; x_wconf 86' lang='lat'><strong>.</strong></span> 
     </span>
    </p>
   </div>
   <div class='ocr_carea' id='block_1_6' title="bbox 589 4329 2825 4411">
    <p class='ocr_par' dir='ltr' id='par_1_8' title="bbox 589 4329 2825 4411">
     <span class='ocr_line' id='line_1_45' title="bbox 589 4329 2825 4411; baseline -0.001 -21"><span class='ocrx_word' id='word_1_359' title='bbox 589 4354 682 4411; x_wconf 91' lang='lat' dir='ltr'><strong>op.</strong></span> <span class='ocrx_word' id='word_1_360' title='bbox 729 4333 908 4391; x_wconf 91' lang='lat' dir='ltr'><strong>editio</strong></span> <span class='ocrx_word' id='word_1_361' title='bbox 956 4333 1206 4392; x_wconf 88' lang='lat' dir='ltr'><strong>Bassani</strong></span> <span class='ocrx_word' id='word_1_362' title='bbox 1260 4329 1426 4393; x_wconf 79' lang='lat'>1782</span> <span class='ocrx_word' id='word_1_363' title='bbox 1483 4333 1534 4407; x_wconf 92' lang='grc' dir='ltr'><strong>Ι,</strong></span> <span class='ocrx_word' id='word_1_364' title='bbox 1580 4356 1639 4411; x_wconf 88' lang='lat' dir='ltr'><strong>p.</strong></span> <span class='ocrx_word' id='word_1_365' title='bbox 1690 4335 1845 4407; x_wconf 90' lang='lat'>401;</span> <span class='ocrx_word' id='word_1_366' title='bbox 1910 4335 1990 4392; x_wconf 83' lang='lat' dir='ltr'><strong>H.</strong></span> <span class='ocrx_word' id='word_1_367' title='bbox 2036 4334 2153 4391; x_wconf 86' lang='lat' dir='ltr'><strong>and</strong></span> <span class='ocrx_word' id='word_1_368' title='bbox 2202 4332 2293 4395; x_wconf 87' lang='lat' dir='ltr'><strong>St.</strong></span> <span class='ocrx_word' id='word_1_369' title='bbox 2339 4333 2425 4407; x_wconf 94' lang='lat' dir='ltr'><strong>II,</strong></span> <span class='ocrx_word' id='word_1_370' title='bbox 2475 4336 2512 4391; x_wconf 80' lang='lat'><strong>2</strong></span> <span class='ocrx_word' id='word_1_371' title='bbox 2560 4354 2618 4410; x_wconf 93' lang='lat' dir='ltr'><strong>p.</strong></span> <span class='ocrx_word' id='word_1_372' title='bbox 2669 4333 2825 4409; x_wconf 81' lang='lat'>290)</span> 
     </span>
    </p>
   </div>
   <div class='ocr_carea' id='block_1_7' title="bbox 3142 1285 3153 4844">
    <p class='ocr_par' dir='ltr' id='par_1_9' title="bbox 3142 1285 3153 4844">
     <span class='ocr_line' id='line_1_46' title="bbox 3142 1285 3153 4844; baseline 0 0"><span class='ocrx_word' id='word_1_373' title='bbox 3142 1285 3153 4844; x_wconf 95' lang='lat' dir='ltr'><strong> </strong></span> 
     </span>
    </p>
   </div>
  </div>
 </body>
</html>
