3167 4900
1253 245 1681 306 -43-

345 425 578 486 nomine
611 424 822 484 culdei
867 425 1110 484 ineunte
1155 426 1386 484 saeculo
1433 445 1590 485 nono
1621 425 1893 499 viventis,
1939 425 2187 486 eundem
2232 445 2360 484 esse
2404 430 2585 502 atque

343 515 671 576 Patricium
717 516 1049 592 apostolum
1094 513 1234 574 inde
1289 516 1522 574 efficere
1579 521 1825 574 conatus
1871 521 1963 574 est
1979 559 1993 587 ,
2057 515 2242 593 quod,
2302 535 2437 574 cum
2483 513 2583 572 Ti-

342 605 630 664 rechanus
685 603 1014 663 Patricium
1069 625 1224 664 anno
1283 604 1413 662 458
1469 604 1565 664 vel
1622 605 1746 662 461
1808 610 2105 664 mortuum
2160 625 2287 664 esse
2341 609 2585 681 putaret

343 695 404 770 (i.
459 715 509 752 e.
567 693 798 753 duobus
855 695 953 753 vel
1014 694 1275 770 quinque
1335 693 1504 752 annis
1563 701 1703 752 ante
1765 692 2011 770 Logairi
2073 694 2231 770 regis
2292 695 2585 770 mortem),

339 782 686 863 posterioris
741 783 1025 860 temporis
1083 783 1326 841 annales
1385 783 1463 840 ad
1509 783 1779 840 'eundem
1840 803 2058 841 annum
2118 783 2275 842 senis
2335 780 2584 840 Patricii

340 878 591 931 mortem
639 873 932 932 referrent
974 872 1171 949 ipsum
1203 871 1532 930 Patricium
1575 871 1911 948 apostolum
1954 892 2109 931 anno
2159 873 2287 930 492
2334 876 2584 930 mortem

340 961 559 1020 obiisse
605 961 740 1019 rati.
835 952 1138 1038 Originem
1200 967 1398 1020 autem
1456 959 1660 1019 variae
1719 960 1881 1018 illius
1941 961 2190 1020 rationis
2245 961 2306 1018 in
2370 959 2609 1018 descri-·

339 1050 536 1109 bendo
583 1056 875 1126 tempore,
926 1071 1043 1128 quo
1090 1049 1391 1110 Patricius
1437 1056 1707 1108 mortuus
1753 1055 1931 1122 esset,
1978 1050 2283 1108 adhibitae
2330 1048 2583 1108 Skenius

338 1139 478 1198 inde
534 1139 804 1216 repetiit,
876 1140 1034 1216 quod
1089 1159 1221 1198 cum
1279 1138 1643 1198 Tirechanus
1701 1139 1782 1196 30
1840 1139 1962 1196 sere
2018 1158 2203 1198 annos
2257 1137 2585 1197 Patricium

338 1229 644 1287 Hibernos
688 1227 953 1286 docuisse
996 1229 1342 1306 putavisset,
1389 1227 1745 1306 posteriores
1790 1227 1950 1287 illius
1995 1228 2281 1308 temporis
2322 1227 2584 1304 spatium

343 1319 426 1376 60
459 1318 555 1376 vel
591 1319 625 1374 7
635 1318 672 1376 2
723 1317 893 1376 annis
939 1318 1197 1378 finirent.
1291 1316 1661 1393 Simulatque
1708 1337 1847 1375 vero
1879 1315 2206 1376 Patricium
2254 1337 2407 1375 anno
2452 1315 2578 1372 492

340 1407 435 1465 vel
484 1406 611 1464 493
663 1411 959 1464 mortuum
1006 1427 1131 1467 esse
1179 1405 1344 1466 Scoti
1390 1406 1509 1466 sibi
1560 1406 2019 1483 persuasissent,
2090 1405 2427 1483 opinionem
2487 1423 2583 1461 ex-

340 1495 562 1555 stitisse
609 1494 886 1572 opinatus
933 1501 1024 1554 est
1069 1494 1352 1569 Skenius,
1413 1495 1667 1554 alterum
1723 1515 1849 1554 esse
1894 1494 2227 1555 Patricium
2281 1494 2384 1571 qui
2430 1512 2583 1552 anno

341 1582 498 1656 458,
559 1584 812 1644 alterum
870 1585 969 1660 qui
1025 1605 1181 1642 anno
1230 1585 1358 1642 492
1407 1583 1534 1643 vita
1592 1583 1952 1643 decessisset.
2046 1584 2220 1659 Quod
2268 1603 2399 1642 cum
2446 1587 2584 1641 ante

341 1673 642 1732 saeculum
688 1693 908 1732 nonum
952 1674 1174 1732 factum
1219 1694 1339 1732 non
1386 1693 1512 1732 esse
1554 1672 1863 1750 opinetur,
1928 1675 2161 1732 saeculo
2218 1692 2373 1731 nono
2420 1671 2586 1731 Fieci

340 1763 620 1840 hymnum
669 1763 1060 1839 compositum
1107 1783 1233 1823 esse
1279 1762 1524 1820 censuit.

519 1852 687 1910 Haec
742 1857 872 1911 tota
927 1851 1137 1912 Skenii
1193 1851 1489 1910 sententia
1541 1850 1725 1910 timeo
1780 1872 1855 1909 ne
1918 1851 2186 1928 sagacior
2230 1852 2333 1924 sit,
2406 1872 2583 1929 quam

340 1941 558 1999 verior.
648 1941 803 2000 Nam
858 1942 1048 2014 multa
1102 1948 1266 2012 sunt,
1339 1960 1490 2017 quae
1545 1940 1602 1998 ei
1656 1947 2009 2017 repugnent.
2102 1940 2252 2000 Cum
2308 1941 2467 2017 quod
2522 1941 2584 1998 in

338 2029 557 2105 hymno
615 2035 867 2107 uterque
914 2029 1212 2088 Patricius
1268 2028 1472 2088 eodem
1529 2029 1627 2087 die
1684 2035 1949 2090 mortuus
2004 2049 2129 2088 esse
2184 2029 2405 2088 dicitur
2456 2036 2584 2090 tum

341 2118 628 2192 omnium,
677 2119 782 2196 qui
826 2118 1078 2178 Patricii
1123 2117 1407 2178 historiae
1452 2118 1919 2191 subsducuntur,
1978 2119 2333 2177 calculorum
2380 2125 2442 2178 et
2486 2135 2585 2178 va·

338 2207 524 2265 rictas
571 2213 632 2266 et
675 2208 905 2266 incerta
951 2208 1146 2283 origo;
1193 2229 1328 2266 nam
1376 2207 1694 2280 annalium,
1744 2208 1847 2285 qui
1876 2207 2206 2267 Patricium
2254 2228 2407 2266 anno
2456 2209 2583 2266 492

339 2296 436 2356 vel
485 2298 613 2354 493
661 2303 911 2356 mortem
959 2296 1174 2356 obiisse
1220 2299 1503 2368 referunt,
1552 2296 1954 2374 antiquissimi
1998 2298 2231 2356 saeculo
2278 2296 2587 2356 undecimo

342 2394 596 2444 exeunte
642 2386 964 2464 conscripti
1011 2391 1149 2446 sunt
1197 2387 1291 2462 (cf.
1341 2384 1594 2459 Schoell,
1641 2408 1698 2464 p.
1736 2387 1816 2444 50
1852 2388 1982 2463 sq.).
2074 2385 2395 2446 Praeterea
2442 2386 2586 2444 mihi

343 2476 702 2553 persuadere
747 2496 866 2534 non
912 2497 1152 2553 possum
1199 2476 1556 2533 calculorum
1599 2476 1949 2535 varietatem
1998 2475 2309 2548 suffecisse,
2355 2481 2425 2535 ut
2470 2476 2587 2535 duo

344 2565 593 2623 Patricii
655 2565 1039 2641 fingerentur.
1131 2563 1422 2623 Attamen
1483 2585 1603 2623 non
1664 2564 1898 2623 omnino
1964 2563 2169 2623 Skenii
2230 2564 2588 2623 sententiam

345 2654 566 2729 reJ‘iciO,
614 2654 792 2714 immo
838 2655 1081 2713 maximi
1127 2654 1410 2714 momenti
1457 2674 1582 2713 esse
1630 2658 1778 2731 puto
1825 2654 2183 2713 mentionem
2229 2654 2395 2713 illam
2442 2655 2586 2713 alte·

344 2744 468 2801 rius
529 2742 799 2803 Patricii.
893 2742 1009 2801 Sed
1079 2749 1226 2821 puto
1295 2743 1558 2801 fabulam
1629 2743 1795 2801 illam
1865 2742 1939 2801 de
2009 2742 2240 2801 duobus
2308 2741 2588 2803 Patriciis

349 2838 539 2891 ortam
587 2852 705 2891 non
751 2853 901 2905 esse,
949 2832 1065 2891 nisi
1113 2832 1479 2905 accessisset,
1529 2833 1689 2909 quod
1736 2832 1807 2890 de
1853 2831 2127 2891 Palladio
2176 2853 2247 2890 ex
2292 2831 2588 2910 Prospero

348 2922 441 2981 vel
485 2921 655 2979 Beda
702 2920 864 2980 Scoti
909 2928 1282 2999 acceperunt.
1346 2920 1561 2997 Itaque
1609 2922 1681 2979 de
1712 2920 1995 2999 Prosperi
2042 2922 2386 2980 narratione
2432 2921 2591 2997 apud

349 3009 558 3069 Scotos
604 3018 845 3087 recepta
893 3011 992 3083 eis,
1043 3030 1192 3087 quae
1239 3030 1420 3087 supra
1466 3010 1609 3083 dixi,
1658 3024 1847 3087 pauca
1893 3009 2111 3068 addere
2156 3010 2301 3068 mihi
2348 3010 2543 3068 liceat.

522 3098 617 3157 Ex
663 3098 957 3177 Prospero
1005 3100 1099 3158 vel
1145 3098 1313 3157 Beda
1368 3097 1577 3157 Scotos
1636 3100 1709 3156 (16
1756 3098 2027 3157 Palladio
2085 3098 2449 3157 auditionem
2496 3118 2588 3157 ac-

347 3188 568 3266 cepisse
625 3188 943 3261 affirmavi,
1014 3188 1154 3265 quia
1211 3187 1592 3247 manifestum
1647 3185 1817 3245 mihi·
1844 3187 2085 3246 videtur
2140 3207 2265 3247 esse
2322 3207 2589 3246 sermone

349 3284 587 3354 patrum
634 3277 793 3354 apud
841 3276 1049 3337 Scotos
1095 3277 1168 3336 de
1214 3275 1488 3335 Palladio
1543 3277 1630 3334 nil
1689 3276 1978 3335 traditum
2024 3296 2169 3335 esse.
2257 3277 2410 3337 Nam
2459 3296 2588 3335 cum

345 3365 620 3425 Muirchu
676 3372 737 3424 et
790 3366 1192 3425 annotationis
1247 3365 1409 3424 illius
1465 3366 1538 3424 de
1594 3364 1858 3423 Patricio
1916 3372 1976 3425 et
2029 3365 2303 3424 Palladio
2366 3370 2589 3439 auctor,

349 3455 451 3532 qui
496 3454 675 3534 primi
719 3455 982 3513 Palladii
1029 3455 1387 3513 mentionem
1433 3455 1700 3514 fecerunt
1711 3500 1724 3527 ,
1787 3454 1859 3512 de
1916 3462 2104 3514 morte
2150 3454 2410 3514 Palladii
2471 3475 2590 3514 non

351 3544 724 3602 consentiant
755 3580 838 3589 -—
879 3545 1149 3603 Muirchu
1196 3544 1351 3602 enim
1397 3544 1458 3601 in
1505 3543 1825 3603 Britannia
1872 3550 2167 3604 mortuum
2215 3565 2340 3603 esse
2388 3550 2591 3604 narrat

348 3632 710 3705 Palladium,
779 3632 875 3692 hic
932 3634 1089 3711 apud
1138 3632 1348 3692 Scotos
1394 3633 1744 3709 martyrium
1790 3653 1923 3691 eum
1969 3654 2209 3712 passum
2258 3654 2381 3693 esse
2428 3633 2589 3692 affir-

352 3729 474 3781 mat
513 3755 610 3795 —-,
657 3730 909 3800 apparet
953 3723 1043 3795 iis,
1093 3743 1245 3799 quae
1291 3723 1697 3781 annotationis
1744 3727 1949 3781 auctor
1994 3723 2170 3782 finxit
2214 3723 2287 3782 de
2336 3722 2591 3795 „sanctis

349 3810 645 3887 antiquis“
702 3812 846 3869 talia
902 3812 974 3870 de
1027 3811 1302 3870 Palla-dio
1365 3811 1771 3888 tradentibus,
1844 3832 1917 3869 ne
1983 3812 2286 3871 minimam
2352 3812 2590 3889 quidem

348 3898 521 3957 fidem
584 3920 708 3959 esse
769 3900 1118 3960 habendam.
1211 3900 1709 3959 Luculentissime
1772 3906 1970 3959 autem
2032 3901 2237 3959 eadem
2297 3920 2393 3959 res
2454 3899 2591 3957 inde

351 3987 754 4062 confirmatur,
829 3990 986 4067 quod
1043 3990 1260 4048 saeculi
1317 3990 1513 4049 octavi
1566 3989 1937 4065 temporibus
1992 3988 2151 4065 apud
2207 3986 2416 4047 Scotos
2473 4008 2591 4047 non

352 4077 632 4136 videntur
678 4079 948 4151 defuisse,
998 4078 1102 4155 qui
1146 4080 1492 4150 nescientes,
1544 4078 1689 4154 quid
1733 4076 2017 4154 Prosperi
2061 4077 2393 4137 narrationi
2438 4078 2589 4137 sace-

349 4171 508 4239 rent,
573 4168 820 4225 eundem
876 4173 1160 4245 putarent
1205 4166 1540 4225 Palladium
1598 4172 1779 4243 atque
1824 4165 2169 4225 Patricium.
2260 4166 2461 4239 Unde,
2522 4174 2592 4226 ut

349 4254 611 4327 videtur,
675 4276 805 4314 cum
858 4257 1083 4316 factum
1141 4262 1318 4327 esset,
1379 4261 1448 4314 ut
1492 4254 1767 4314 Palladio
1816 4274 2027 4315 nomen
2072 4255 2371 4315 Patricius
2416 4255 2591 4316 adde-

349 4351 529 4417 retur,
581 4344 642 4417 ii,
693 4345 795 4421 qui
841 4346 1022 4404 alium
1061 4344 1414 4420 judicabant
1443 4344 1780 4405 Palladium
1827 4344 2005 4405 alium
2043 4344 2389 4420 Patricium,
2434 4346 2593 4405 inter
