<?xml version="1.0" encoding="UTF-8"?>
<!DOCTYPE html PUBLIC "-//W3C//DTD XHTML 1.0 Transitional//EN"
    "http://www.w3.org/TR/xhtml1/DTD/xhtml1-transitional.dtd">
<html xmlns="http://www.w3.org/1999/xhtml" xml:lang="en" lang="en">
 <head>
  <title>
</title>
<meta http-equiv="Content-Type" content="text/html;charset=utf-8" />
  <meta name='ocr-system' content='tesseract 3.04.00' />
  <meta name='ocr-capabilities' content='ocr_page ocr_carea ocr_par ocr_line ocrx_word'/>
</head>
<body>
  <div class='ocr_page' id='page_1' title='image "./antiquaebritonu01loofgoog_0106.png"; bbox 0 0 3167 4900; ppageno 0'>
   <div class='ocr_carea' id='block_1_1' title="bbox 1492 209 1929 271">
    <p class='ocr_par' dir='ltr' id='par_1_1' title="bbox 1492 209 1929 271">
     <span class='ocr_line' id='line_1_1' title="bbox 1492 209 1929 271; baseline 0.005 -14"><span class='ocrx_word' id='word_1_1' title='bbox 1492 209 1929 271; x_wconf 84' lang='lat'>—98—</span> 
     </span>
    </p>
   </div>
   <div class='ocr_carea' id='block_1_2' title="bbox 594 388 2848 1265">
    <p class='ocr_par' dir='ltr' id='par_1_2' title="bbox 594 388 2848 1179">
     <span class='ocr_line' id='line_1_2' title="bbox 771 388 2844 466; baseline -0 -18"><span class='ocrx_word' id='word_1_2' title='bbox 771 390 977 463; x_wconf 67' lang='lat' dir='ltr'>Haeo„</span> <span class='ocrx_word' id='word_1_3' title='bbox 1017 392 1089 461; x_wconf 63' lang='grc' dir='ltr'><strong>,ιιι</strong></span> <span class='ocrx_word' id='word_1_4' title='bbox 1150 408 1327 466; x_wconf 77' lang='lat' dir='ltr'>quam</span> <span class='ocrx_word' id='word_1_5' title='bbox 1388 390 1634 451; x_wconf 77' lang='lat' dir='ltr'>adducti</span> <span class='ocrx_word' id='word_1_6' title='bbox 1679 410 1905 460; x_wconf 88' lang='lat' dir='ltr'>sumus,</span> <span class='ocrx_word' id='word_1_7' title='bbox 1967 390 2040 448; x_wconf 87' lang='lat' dir='ltr'>de</span> <span class='ocrx_word' id='word_1_8' title='bbox 2087 388 2376 450; x_wconf 86' lang='lat' dir='ltr'>Columba</span> <span class='ocrx_word' id='word_1_9' title='bbox 2432 396 2494 462; x_wconf 76' lang='lat' dir='ltr'>et</span> <span class='ocrx_word' id='word_1_10' title='bbox 2539 389 2614 449; x_wconf 90' lang='lat' dir='ltr'>de</span> <span class='ocrx_word' id='word_1_11' title='bbox 2661 388 2844 450; x_wconf 85' lang='lat' dir='ltr'>sociis</span> 
     </span>
     <span class='ocr_line' id='line_1_3' title="bbox 594 477 2844 557; baseline -0.001 -18"><span class='ocrx_word' id='word_1_12' title='bbox 594 484 722 556; x_wconf 79' lang='lat' dir='ltr'>ejus</span> <span class='ocrx_word' id='word_1_13' title='bbox 768 480 1088 553; x_wconf 76' lang='lat' dir='ltr'>sententia,</span> <span class='ocrx_word' id='word_1_14' title='bbox 1134 480 1321 557; x_wconf 81' lang='lat' dir='ltr'>ipsius</span> <span class='ocrx_word' id='word_1_15' title='bbox 1368 478 1694 537; x_wconf 80' lang='lat' dir='ltr'>Columbae</span> <span class='ocrx_word' id='word_1_16' title='bbox 1741 478 1938 539; x_wconf 85' lang='lat' dir='ltr'>verbis</span> <span class='ocrx_word' id='word_1_17' title='bbox 1983 478 2216 550; x_wconf 87' lang='lat' dir='ltr'>nititur,</span> <span class='ocrx_word' id='word_1_18' title='bbox 2261 480 2453 556; x_wconf 86' lang='lat' dir='ltr'>ipsum</span> <span class='ocrx_word' id='word_1_19' title='bbox 2501 477 2844 549; x_wconf 81' lang='lat' dir='ltr'>audivimus</span> 
     </span>
     <span class='ocr_line' id='line_1_4' title="bbox 594 566 2844 647; baseline -0.001 -19"><span class='ocrx_word' id='word_1_20' title='bbox 594 570 937 647; x_wconf 79' lang='lat' dir='ltr'>loquentem</span> <span class='ocrx_word' id='word_1_21' title='bbox 980 575 1061 637; x_wconf 66' lang='lat' dir='ltr'>‚et</span> <span class='ocrx_word' id='word_1_22' title='bbox 1115 566 1187 627; x_wconf 85' lang='lat' dir='ltr'>de</span> <span class='ocrx_word' id='word_1_23' title='bbox 1242 568 1343 641; x_wconf 90' lang='lat' dir='ltr'>iis,</span> <span class='ocrx_word' id='word_1_24' title='bbox 1404 568 1620 643; x_wconf 81' lang='lat' dir='ltr'>quibus</span> <span class='ocrx_word' id='word_1_25' title='bbox 1667 567 2057 628; x_wconf 70' lang='lat' dir='ltr'><strong>dissentiebat</strong></span> <span class='ocrx_word' id='word_1_26' title='bbox 2104 588 2140 625; x_wconf 87' lang='lat' dir='ltr'>a</span> <span class='ocrx_word' id='word_1_27' title='bbox 2183 566 2474 627; x_wconf 76' lang='lat' dir='ltr'>Romanis</span> <span class='ocrx_word' id='word_1_28' title='bbox 2519 572 2581 625; x_wconf 87' lang='lat' dir='ltr'>et</span> <span class='ocrx_word' id='word_1_29' title='bbox 2626 567 2699 623; x_wconf 86' lang='lat' dir='ltr'>de</span> <span class='ocrx_word' id='word_1_30' title='bbox 2745 566 2844 639; x_wconf 88' lang='lat' dir='ltr'>iis,</span> 
     </span>
     <span class='ocr_line' id='line_1_5' title="bbox 596 655 2846 734; baseline -0 -19"><span class='ocrx_word' id='word_1_31' title='bbox 596 658 827 734; x_wconf 88' lang='lat' dir='ltr'>quibus</span> <span class='ocrx_word' id='word_1_32' title='bbox 858 657 1283 726; x_wconf 63' lang='lat' dir='ltr'><strong>consentiebat.</strong></span> <span class='ocrx_word' id='word_1_33' title='bbox 1357 657 1431 715; x_wconf 91' lang='lat' dir='ltr'>In</span> <span class='ocrx_word' id='word_1_34' title='bbox 1477 656 1571 715; x_wconf 87' lang='lat' dir='ltr'>his</span> <span class='ocrx_word' id='word_1_35' title='bbox 1601 676 1732 715; x_wconf 82' lang='lat' dir='ltr'>cnm</span> <span class='ocrx_word' id='word_1_36' title='bbox 1763 656 1850 715; x_wconf 90' lang='lat' dir='ltr'>nil</span> <span class='ocrx_word' id='word_1_37' title='bbox 1877 655 2116 715; x_wconf 78' lang='lat' dir='ltr'>obscuri</span> <span class='ocrx_word' id='word_1_38' title='bbox 2145 656 2418 715; x_wconf 83' lang='lat' dir='ltr'>relictum</span> <span class='ocrx_word' id='word_1_39' title='bbox 2449 662 2618 729; x_wconf 87' lang='lat' dir='ltr'>esset,</span> <span class='ocrx_word' id='word_1_40' title='bbox 2662 655 2846 715; x_wconf 86' lang='lat' dir='ltr'>nobis</span> 
     </span>
     <span class='ocr_line' id='line_1_6' title="bbox 596 744 2842 825; baseline -0.001 -20"><span class='ocrx_word' id='word_1_41' title='bbox 596 766 713 810; x_wconf 88' lang='lat' dir='ltr'>non</span> <span class='ocrx_word' id='word_1_42' title='bbox 766 765 917 825; x_wconf 78' lang='lat' dir='ltr'>opus</span> <span class='ocrx_word' id='word_1_43' title='bbox 961 753 1125 819; x_wconf 79' lang='lat' dir='ltr'>esset</span> <span class='ocrx_word' id='word_1_44' title='bbox 1171 744 1557 823; x_wconf 80' lang='lat' dir='ltr'>perscrutari,</span> <span class='ocrx_word' id='word_1_45' title='bbox 1619 765 1758 803; x_wconf 89' lang='lat' dir='ltr'>num</span> <span class='ocrx_word' id='word_1_46' title='bbox 1803 745 2006 822; x_wconf 86' lang='lat' dir='ltr'>plures</span> <span class='ocrx_word' id='word_1_47' title='bbox 2051 744 2436 807; x_wconf 73' lang='lat' dir='ltr'>dissensionis</span> <span class='ocrx_word' id='word_1_48' title='bbox 2483 762 2694 803; x_wconf 80' lang='lat' dir='ltr'>causae</span> <span class='ocrx_word' id='word_1_49' title='bbox 2735 764 2842 803; x_wconf 83' lang='lat' dir='ltr'>oc·</span> 
     </span>
     <span class='ocr_line' id='line_1_7' title="bbox 596 832 2845 913; baseline -0.002 -20"><span class='ocrx_word' id='word_1_50' title='bbox 596 840 923 907; x_wconf 78' lang='lat' dir='ltr'>currerent,</span> <span class='ocrx_word' id='word_1_51' title='bbox 970 834 1023 903; x_wconf 84' lang='lat' dir='ltr'>si</span> <span class='ocrx_word' id='word_1_52' title='bbox 1060 833 1397 913; x_wconf 80' lang='lat' dir='ltr'>neglectis</span> <span class='ocrx_word' id='word_1_53' title='bbox 1380 834 1569 911; x_wconf 77' lang='lat' dir='ltr'>ipsius</span> <span class='ocrx_word' id='word_1_54' title='bbox 1601 833 1926 905; x_wconf 75' lang='lat' dir='ltr'>Columbae</span> <span class='ocrx_word' id='word_1_55' title='bbox 1959 833 2158 893; x_wconf 81' lang='lat' dir='ltr'>verbis</span> <span class='ocrx_word' id='word_1_56' title='bbox 2187 854 2261 905; x_wconf 84' lang='lat' dir='ltr'>ex</span> <span class='ocrx_word' id='word_1_57' title='bbox 2289 833 2382 905; x_wconf 89' lang='lat' dir='ltr'>iis,</span> <span class='ocrx_word' id='word_1_58' title='bbox 2401 846 2580 909; x_wconf 81' lang='lat' dir='ltr'>quae</span> <span class='ocrx_word' id='word_1_59' title='bbox 2611 832 2686 907; x_wconf 84' lang='lat' dir='ltr'>de</span> <span class='ocrx_word' id='word_1_60' title='bbox 2715 832 2845 891; x_wconf 77' lang='lat' dir='ltr'>vita</span> 
     </span>
     <span class='ocr_line' id='line_1_8' title="bbox 594 916 2844 1023; baseline -0.001 -42"><span class='ocrx_word' id='word_1_61' title='bbox 594 926 767 999; x_wconf 83' lang='lat' dir='ltr'>eJ&#39;us,</span> <span class='ocrx_word' id='word_1_62' title='bbox 779 916 841 983; x_wconf 76' lang='lat' dir='ltr'>et</span> <span class='ocrx_word' id='word_1_63' title='bbox 893 922 1191 992; x_wconf 75' lang='lat' dir='ltr'>sociorum</span> <span class='ocrx_word' id='word_1_64' title='bbox 1236 924 1553 983; x_wconf 77' lang='lat' dir='ltr'>memoriae</span> <span class='ocrx_word' id='word_1_65' title='bbox 1599 922 1839 1023; x_wconf 79' lang='lat' dir='ltr'>prodita</span> <span class='ocrx_word' id='word_1_66' title='bbox 1885 928 2053 997; x_wconf 82' lang='lat' dir='ltr'>sunt,</span> <span class='ocrx_word' id='word_1_67' title='bbox 2115 940 2466 981; x_wconf 83' lang='lat' dir='ltr'>conaremur</span> <span class='ocrx_word' id='word_1_68' title='bbox 2512 921 2844 993; x_wconf 83' lang='lat' dir='ltr'>enucleare,</span> 
     </span>
     <span class='ocr_line' id='line_1_9' title="bbox 596 966 2848 1112; baseline -0.001 -42"><span class='ocrx_word' id='word_1_69' title='bbox 596 1032 759 1087; x_wconf 78' lang='lat' dir='ltr'>quae</span> <span class='ocrx_word' id='word_1_70' title='bbox 788 1012 1043 1082; x_wconf 75' lang='lat' dir='ltr'>fuissent</span> <span class='ocrx_word' id='word_1_71' title='bbox 1070 1010 1382 1101; x_wconf 72' lang='lat' dir='ltr'>Scotorum</span> <span class='ocrx_word' id='word_1_72' title='bbox 1413 1011 1677 1112; x_wconf 59' lang='lat' dir='ltr'>propris,</span> <span class='ocrx_word' id='word_1_73' title='bbox 1723 1010 1836 1069; x_wconf 85' lang='lat' dir='ltr'>nisi</span> <span class='ocrx_word' id='word_1_74' title='bbox 1867 966 2178 1069; x_wconf 82' lang='lat' dir='ltr'>Ebrardus</span> <span class='ocrx_word' id='word_1_75' title='bbox 2209 1010 2552 1083; x_wconf 75' lang='lat' dir='ltr'>circuitione</span> <span class='ocrx_word' id='word_1_76' title='bbox 2585 1010 2848 1085; x_wconf 85' lang='lat' dir='ltr'>quadam</span> 
     </span>
     <span class='ocr_line' id='line_1_10' title="bbox 596 1094 2578 1179; baseline -0.001 -20"><span class='ocrx_word' id='word_1_77' title='bbox 596 1121 673 1171; x_wconf 74' lang='lat' dir='ltr'>ex</span> <span class='ocrx_word' id='word_1_78' title='bbox 716 1100 847 1161; x_wconf 83' lang='lat' dir='ltr'>illis</span> <span class='ocrx_word' id='word_1_79' title='bbox 882 1100 1063 1179; x_wconf 75' lang='lat' dir='ltr'>ipsis</span> <span class='ocrx_word' id='word_1_80' title='bbox 1072 1101 1217 1161; x_wconf 83' lang='lat' dir='ltr'>vitis</span> <span class='ocrx_word' id='word_1_81' title='bbox 1262 1094 1451 1178; x_wconf 80' lang='lat' dir='ltr'>paene</span> <span class='ocrx_word' id='word_1_82' title='bbox 1498 1100 1697 1159; x_wconf 83' lang='lat' dir='ltr'>omnia</span> <span class='ocrx_word' id='word_1_83' title='bbox 1743 1120 1889 1177; x_wconf 40' lang='lat' dir='ltr'>suarx</span> <span class='ocrx_word' id='word_1_84' title='bbox 1897 1099 2166 1176; x_wconf 73' lang='lat' dir='ltr'>duxisset</span> <span class='ocrx_word' id='word_1_85' title='bbox 2195 1104 2578 1177; x_wconf 64' lang='lat' dir='ltr'>argumenta.</span> 
     </span>
    </p>

    <p class='ocr_par' dir='ltr' id='par_1_3' title="bbox 774 1172 2848 1265">
     <span class='ocr_line' id='line_1_11' title="bbox 774 1172 2848 1265; baseline -0.002 -16"><span class='ocrx_word' id='word_1_86' title='bbox 774 1190 913 1249; x_wconf 81' lang='lat' dir='ltr'>Non</span> <span class='ocrx_word' id='word_1_87' title='bbox 956 1208 1099 1249; x_wconf 76' lang='lat' dir='ltr'>vero</span> <span class='ocrx_word' id='word_1_88' title='bbox 1143 1209 1338 1247; x_wconf 89' lang='lat' dir='ltr'>meum</span> <span class='ocrx_word' id='word_1_89' title='bbox 1381 1188 1594 1265; x_wconf 82' lang='lat' dir='ltr'>putavi</span> <span class='ocrx_word' id='word_1_90' title='bbox 1637 1188 1945 1249; x_wconf 80' lang='lat' dir='ltr'>verbosius</span> <span class='ocrx_word' id='word_1_91' title='bbox 1992 1172 2396 1249; x_wconf 76' lang='lat' dir='ltr'>demonstrare</span> <span class='ocrx_word' id='word_1_92' title='bbox 2437 1188 2653 1247; x_wconf 86' lang='lat' dir='ltr'>falsum</span> <span class='ocrx_word' id='word_1_93' title='bbox 2699 1206 2848 1260; x_wconf 88' lang='lat' dir='ltr'>esse,</span> 
     </span>
    </p>
   </div>
   <div class='ocr_carea' id='block_1_3' title="bbox 598 1270 2947 1357">
    <p class='ocr_par' dir='ltr' id='par_1_4' title="bbox 598 1270 2947 1357">
     <span class='ocr_line' id='line_1_12' title="bbox 598 1270 2947 1357; baseline -0 -22"><span class='ocrx_word' id='word_1_94' title='bbox 598 1278 760 1355; x_wconf 89' lang='lat' dir='ltr'>quod</span> <span class='ocrx_word' id='word_1_95' title='bbox 800 1276 1112 1339; x_wconf 83' lang='lat' dir='ltr'>Ebrardus</span> <span class='ocrx_word' id='word_1_96' title='bbox 1164 1278 1282 1339; x_wconf 87' lang='lat' dir='ltr'>sibi</span> <span class='ocrx_word' id='word_1_97' title='bbox 1332 1276 1511 1351; x_wconf 82' lang='lat' dir='ltr'>finxit</span> <span class='ocrx_word' id='word_1_98' title='bbox 1556 1280 1638 1354; x_wconf 87' lang='lat' dir='ltr'>(p.</span> <span class='ocrx_word' id='word_1_99' title='bbox 1691 1276 2092 1353; x_wconf 82' lang='grc'>118-132);</span> <span class='ocrx_word' id='word_1_100' title='bbox 2149 1270 2358 1353; x_wconf 82' lang='lat' dir='ltr'>Scotos</span> <span class='ocrx_word' id='word_1_101' title='bbox 2404 1276 2468 1333; x_wconf 91' lang='lat' dir='ltr'>in</span> <span class='ocrx_word' id='word_1_102' title='bbox 2514 1276 2849 1335; x_wconf 77' lang='lat' dir='ltr'>continenti</span> <span class='ocrx_word' id='word_1_103' title='bbox 2865 1308 2897 1357; x_wconf 51' lang='lat'><em>3</em></span> <span class='ocrx_word' id='word_1_104' title='bbox 2938 1349 2947 1353; x_wconf 19' lang='grc' dir='ltr'>ῃ</span> 
     </span>
    </p>
   </div>
   <div class='ocr_carea' id='block_1_4' title="bbox 596 1348 2935 2774">
    <p class='ocr_par' dir='ltr' id='par_1_5' title="bbox 596 1348 2935 2774">
     <span class='ocr_line' id='line_1_13' title="bbox 598 1348 2846 1447; baseline -0.003 -19"><span class='ocrx_word' id='word_1_105' title='bbox 598 1360 1065 1447; x_wconf 77' lang='lat' dir='ltr'>peregrinantes</span> <span class='ocrx_word' id='word_1_106' title='bbox 1104 1386 1296 1443; x_wconf 89' lang='lat' dir='ltr'>neque</span> <span class='ocrx_word' id='word_1_107' title='bbox 1352 1366 1573 1425; x_wconf 84' lang='lat' dir='ltr'>sanctis</span> <span class='ocrx_word' id='word_1_108' title='bbox 1627 1386 1819 1443; x_wconf 79' lang='lat' dir='ltr'>neque</span> <span class='ocrx_word' id='word_1_109' title='bbox 1873 1386 2074 1441; x_wconf 80' lang='lat' dir='ltr'>eorum</span> <span class='ocrx_word' id='word_1_110' title='bbox 2127 1348 2422 1443; x_wconf 28' lang='lat' dir='ltr'>reliquiis·</span> <span class='ocrx_word' id='word_1_111' title='bbox 2453 1364 2678 1423; x_wconf 89' lang='lat' dir='ltr'>cultum</span> <span class='ocrx_word' id='word_1_112' title='bbox 2733 1364 2846 1425; x_wconf 85' lang='lat' dir='ltr'>tri·</span> 
     </span>
     <span class='ocr_line' id='line_1_14' title="bbox 596 1448 2930 1533; baseline -0.003 -16"><span class='ocrx_word' id='word_1_113' title='bbox 596 1456 813 1525; x_wconf 78' lang='lat' dir='ltr'>buisse-</span> <span class='ocrx_word' id='word_1_114' title='bbox 874 1456 1069 1527; x_wconf 70' lang='lat' dir='ltr'>Nam,</span> <span class='ocrx_word' id='word_1_115' title='bbox 1118 1454 1221 1531; x_wconf 91' lang='lat' dir='ltr'>qui</span> <span class='ocrx_word' id='word_1_116' title='bbox 1267 1475 1385 1513; x_wconf 89' lang='lat' dir='ltr'>non</span> <span class='ocrx_word' id='word_1_117' title='bbox 1433 1455 1718 1526; x_wconf 83' lang='lat' dir='ltr'>concedat</span> <span class='ocrx_word' id='word_1_118' title='bbox 1763 1453 2114 1513; x_wconf 85' lang='lat' dir='ltr'>Columbam</span> <span class='ocrx_word' id='word_1_119' title='bbox 2161 1461 2223 1513; x_wconf 86' lang='lat' dir='ltr'>et</span> <span class='ocrx_word' id='word_1_120' title='bbox 2266 1452 2474 1533; x_wconf 74' lang='lat' dir='ltr'>socios,</span> <span class='ocrx_word' id='word_1_121' title='bbox 2509 1472 2670 1530; x_wconf 74' lang='lat' dir='ltr'>quos</span> <span class='ocrx_word' id='word_1_122' title='bbox 2715 1473 2847 1511; x_wconf 86' lang='lat' dir='ltr'>arc·</span> <span class='ocrx_word' id='word_1_123' title='bbox 2925 1448 2930 1451; x_wconf 68' lang='grc'><strong>’</strong></span> 
     </span>
     <span class='ocr_line' id='line_1_15' title="bbox 601 1542 2849 1635; baseline -0.001 -32"><span class='ocrx_word' id='word_1_124' title='bbox 601 1543 847 1603; x_wconf 81' lang='lat' dir='ltr'>tissimis</span> <span class='ocrx_word' id='word_1_125' title='bbox 880 1543 1281 1617; x_wconf 85' lang='lat' dir='ltr'>consensionis</span> <span class='ocrx_word' id='word_1_126' title='bbox 1308 1543 1562 1603; x_wconf 80' lang='lat' dir='ltr'>vinculis</span> <span class='ocrx_word' id='word_1_127' title='bbox 1595 1563 1724 1601; x_wconf 89' lang='lat' dir='ltr'>cum</span> <span class='ocrx_word' id='word_1_128' title='bbox 1759 1544 1893 1601; x_wconf 86' lang='lat' dir='ltr'>sede</span> <span class='ocrx_word' id='word_1_129' title='bbox 1925 1543 2254 1623; x_wconf 73' lang='lat' dir='ltr'>apostolica</span> <span class='ocrx_word' id='word_1_130' title='bbox 2286 1546 2632 1635; x_wconf 85' lang='lat' dir='ltr'>conjunctos</span> <span class='ocrx_word' id='word_1_131' title='bbox 2663 1542 2849 1601; x_wconf 86' lang='lat' dir='ltr'>fuisse</span> 
     </span>
     <span class='ocr_line' id='line_1_16' title="bbox 600 1631 2852 1713; baseline -0.001 -21"><span class='ocrx_word' id='word_1_132' title='bbox 600 1632 881 1722; x_wconf 71' lang='lat' dir='ltr'>vidimus,</span> <span class='ocrx_word' id='word_1_133' title='bbox 922 1632 1105 1702; x_wconf 53' lang='lat' dir='ltr'>⁴nullo</span> <span class='ocrx_word' id='word_1_134' title='bbox 1160 1639 1337 1710; x_wconf 86' lang='lat' dir='ltr'>pacto</span> <span class='ocrx_word' id='word_1_135' title='bbox 1391 1632 1656 1709; x_wconf 89' lang='lat' dir='ltr'>potuisse</span> <span class='ocrx_word' id='word_1_136' title='bbox 1712 1632 2028 1691; x_wconf 79' lang='lat' dir='ltr'>dissentire</span> <span class='ocrx_word' id='word_1_137' title='bbox 2083 1631 2157 1689; x_wconf 86' lang='lat' dir='ltr'>de</span> <span class='ocrx_word' id='word_1_138' title='bbox 2202 1631 2308 1688; x_wconf 86' lang='lat' dir='ltr'>illa</span> <span class='ocrx_word' id='word_1_139' title='bbox 2353 1650 2442 1703; x_wconf 87' lang='lat' dir='ltr'>re,</span> <span class='ocrx_word' id='word_1_140' title='bbox 2505 1650 2658 1705; x_wconf 88' lang='lat' dir='ltr'>quae</span> <span class='ocrx_word' id='word_1_141' title='bbox 2705 1636 2852 1689; x_wconf 86' lang='lat' dir='ltr'>tunc</span> 
     </span>
     <span class='ocr_line' id='line_1_17' title="bbox 600 1718 2852 1799; baseline -0.001 -20"><span class='ocrx_word' id='word_1_142' title='bbox 600 1740 789 1799; x_wconf 83' lang='lat' dir='ltr'>paene</span> <span class='ocrx_word' id='word_1_143' title='bbox 836 1740 1063 1791; x_wconf 72' lang='lat' dir='ltr'>summa</span> <span class='ocrx_word' id='word_1_144' title='bbox 1109 1728 1241 1795; x_wconf 82' lang='lat' dir='ltr'>erat</span> <span class='ocrx_word' id='word_1_145' title='bbox 1285 1720 1592 1797; x_wconf 85' lang='lat' dir='ltr'>religionis</span> <span class='ocrx_word' id='word_1_146' title='bbox 1639 1721 2020 1793; x_wconf 81' lang='lat' dir='ltr'>christianae,</span> <span class='ocrx_word' id='word_1_147' title='bbox 2075 1738 2209 1777; x_wconf 88' lang='lat' dir='ltr'>eum</span> <span class='ocrx_word' id='word_1_148' title='bbox 2257 1719 2434 1778; x_wconf 89' lang='lat' dir='ltr'>etiam</span> <span class='ocrx_word' id='word_1_149' title='bbox 2481 1718 2852 1795; x_wconf 78' lang='lat' dir='ltr'>gravissimis</span> 
     </span>
     <span class='ocr_line' id='line_1_18' title="bbox 602 1792 2852 1887; baseline -0.001 -20"><span class='ocrx_word' id='word_1_150' title='bbox 602 1808 977 1885; x_wconf 77' lang='lat' dir='ltr'>argumentis</span> <span class='ocrx_word' id='word_1_151' title='bbox 1014 1808 1241 1881; x_wconf 80' lang='lat' dir='ltr'>revinci</span> <span class='ocrx_word' id='word_1_152' title='bbox 1283 1829 1457 1887; x_wconf 88' lang='lat' dir='ltr'>posse</span> <span class='ocrx_word' id='word_1_153' title='bbox 1496 1812 1623 1885; x_wconf 81' lang='lat' dir='ltr'>jam</span> <span class='ocrx_word' id='word_1_154' title='bbox 1669 1808 2000 1887; x_wconf 80' lang='lat' dir='ltr'>desperavi.</span> <span class='ocrx_word' id='word_1_155' title='bbox 2073 1807 2267 1867; x_wconf 88' lang='lat' dir='ltr'>Immo</span> <span class='ocrx_word' id='word_1_156' title='bbox 2313 1792 2518 1867; x_wconf 88' lang='lat' dir='ltr'>credat</span> <span class='ocrx_word' id='word_1_157' title='bbox 2551 1807 2852 1880; x_wconf 78' lang='lat' dir='ltr'>Ebrardo,</span> 
     </span>
     <span class='ocr_line' id='line_1_19' title="bbox 602 1896 2849 1998; baseline -0.001 -43"><span class='ocrx_word' id='word_1_158' title='bbox 602 1897 941 1998; x_wconf 72' lang='lat' dir='ltr'>ubicunque</span> <span class='ocrx_word' id='word_1_159' title='bbox 998 1898 1223 1967; x_wconf 85' lang='lat' dir='ltr'>mentio</span> <span class='ocrx_word' id='word_1_160' title='bbox 1254 1897 1385 1971; x_wconf 78' lang='lat' dir='ltr'>fiat</span> <span class='ocrx_word' id='word_1_161' title='bbox 1428 1903 1770 1957; x_wconf 86' lang='lat' dir='ltr'>sanctorum</span> <span class='ocrx_word' id='word_1_162' title='bbox 1817 1903 1878 1956; x_wconf 91' lang='lat' dir='ltr'>et</span> <span class='ocrx_word' id='word_1_163' title='bbox 1921 1896 2311 1977; x_wconf 86' lang='lat' dir='ltr'>reliquiarum</span> <span class='ocrx_word' id='word_1_164' title='bbox 2359 1896 2540 1956; x_wconf 75' lang='lat' dir='ltr'>etism</span> <span class='ocrx_word' id='word_1_165' title='bbox 2585 1896 2650 1955; x_wconf 87' lang='lat' dir='ltr'>in</span> <span class='ocrx_word' id='word_1_166' title='bbox 2693 1896 2849 1955; x_wconf 79' lang='lat' dir='ltr'>anti-</span> 
     </span>
     <span class='ocr_line' id='line_1_20' title="bbox 606 1984 2874 2063; baseline -0 -20"><span class='ocrx_word' id='word_1_167' title='bbox 606 1984 903 2063; x_wconf 87' lang='lat' dir='ltr'>quissimis</span> <span class='ocrx_word' id='word_1_168' title='bbox 973 1985 1145 2045; x_wconf 80' lang='lat' dir='ltr'>vitis</span> <span class='ocrx_word' id='word_1_169' title='bbox 1151 2006 1400 2060; x_wconf 82' lang='lat' dir='ltr'>eorum,</span> <span class='ocrx_word' id='word_1_170' title='bbox 1464 1986 1680 2062; x_wconf 88' lang='lat' dir='ltr'>quibus</span> <span class='ocrx_word' id='word_1_171' title='bbox 1742 2004 1872 2043; x_wconf 86' lang='lat' dir='ltr'>cum</span> <span class='ocrx_word' id='word_1_172' title='bbox 1935 1984 2224 2043; x_wconf 84' lang='lat' dir='ltr'>Columba</span> <span class='ocrx_word' id='word_1_173' title='bbox 2287 1993 2418 2043; x_wconf 79' lang='lat' dir='ltr'>erat</span> <span class='ocrx_word' id='word_1_174' title='bbox 2476 1984 2874 2057; x_wconf 51' lang='lat' dir='ltr'>necessitudo,</span> 
     </span>
     <span class='ocr_line' id='line_1_21' title="bbox 605 2058 2852 2152; baseline 0.001 -21"><span class='ocrx_word' id='word_1_175' title='bbox 605 2076 680 2149; x_wconf 82' lang='lat' dir='ltr'>(s.</span> <span class='ocrx_word' id='word_1_176' title='bbox 726 2094 784 2151; x_wconf 88' lang='lat' dir='ltr'>g.</span> <span class='ocrx_word' id='word_1_177' title='bbox 828 2074 1039 2147; x_wconf 79' lang='lat' dir='ltr'>Jonas,</span> <span class='ocrx_word' id='word_1_178' title='bbox 1084 2074 1202 2135; x_wconf 81' lang='lat' dir='ltr'>vit.</span> <span class='ocrx_word' id='word_1_179' title='bbox 1234 2074 1357 2135; x_wconf 73' lang='lat' dir='ltr'>Col.</span> <span class='ocrx_word' id='word_1_180' title='bbox 1409 2075 1493 2145; x_wconf 91' lang='lat'>44</span> <span class='ocrx_word' id='word_1_181' title='bbox 1540 2074 1818 2147; x_wconf 81' lang='lat' dir='ltr'>Mab.11,</span> <span class='ocrx_word' id='word_1_182' title='bbox 1865 2095 2002 2133; x_wconf 86' lang='lat' dir='ltr'>ann.</span> <span class='ocrx_word' id='word_1_183' title='bbox 2039 2058 2186 2149; x_wconf 85' lang='grc'>615,</span> <span class='ocrx_word' id='word_1_184' title='bbox 2231 2095 2290 2152; x_wconf 92' lang='grc' dir='ltr'>Ρ.</span> <span class='ocrx_word' id='word_1_185' title='bbox 2327 2074 2440 2147; x_wconf 87' lang='grc'>22;</span> <span class='ocrx_word' id='word_1_186' title='bbox 2487 2074 2696 2146; x_wconf 86' lang='lat' dir='ltr'>Jonas,</span> <span class='ocrx_word' id='word_1_187' title='bbox 2744 2074 2852 2133; x_wconf 88' lang='lat' dir='ltr'>vit.</span> 
     </span>
     <span class='ocr_line' id='line_1_22' title="bbox 603 2120 2935 2242; baseline 0 -22"><span class='ocrx_word' id='word_1_188' title='bbox 603 2161 800 2235; x_wconf 78' lang='lat' dir='ltr'>Attal.</span> <span class='ocrx_word' id='word_1_189' title='bbox 860 2162 899 2217; x_wconf 85' lang='lat'>5</span> <span class='ocrx_word' id='word_1_190' title='bbox 955 2162 1042 2237; x_wconf 80' lang='lat' dir='ltr'>ib.</span> <span class='ocrx_word' id='word_1_191' title='bbox 1092 2184 1227 2225; x_wconf 85' lang='lat' dir='ltr'>ann.</span> <span class='ocrx_word' id='word_1_192' title='bbox 1286 2165 1431 2239; x_wconf 87' lang='grc'>627,</span> <span class='ocrx_word' id='word_1_193' title='bbox 1494 2185 1553 2241; x_wconf 93' lang='grc' dir='ltr'>Ρ.</span> <span class='ocrx_word' id='word_1_194' title='bbox 1611 2164 1764 2241; x_wconf 82' lang='lat'>125;</span> <span class='ocrx_word' id='word_1_195' title='bbox 1823 2162 2040 2243; x_wconf 84' lang='lat' dir='ltr'>Jonas,</span> <span class='ocrx_word' id='word_1_196' title='bbox 2099 2162 2206 2221; x_wconf 83' lang='lat' dir='ltr'>vit.</span> <span class='ocrx_word' id='word_1_197' title='bbox 2253 2120 2626 2242; x_wconf 82' lang='lat' dir='ltr'>Burgundof.</span> <span class='ocrx_word' id='word_1_198' title='bbox 2677 2163 2713 2221; x_wconf 89' lang='grc'>6</span> <span class='ocrx_word' id='word_1_199' title='bbox 2771 2162 2854 2221; x_wconf 90' lang='grc'>11).</span> <span class='ocrx_word' id='word_1_200' title='bbox 2916 2170 2935 2175; x_wconf 78' lang='grc'><strong>’</strong></span> 
     </span>
     <span class='ocr_line' id='line_1_23' title="bbox 604 2207 2854 2334; baseline 0 -25"><span class='ocrx_word' id='word_1_201' title='bbox 604 2270 741 2309; x_wconf 86' lang='lat' dir='ltr'>ann.</span> <span class='ocrx_word' id='word_1_202' title='bbox 762 2250 924 2323; x_wconf 88' lang='grc'>665,</span> <span class='ocrx_word' id='word_1_203' title='bbox 954 2271 1015 2328; x_wconf 92' lang='grc' dir='ltr'><strong><em>Ρ.</em></strong></span> <span class='ocrx_word' id='word_1_204' title='bbox 1055 2251 1197 2324; x_wconf 87' lang='grc'>142,</span> <span class='ocrx_word' id='word_1_205' title='bbox 1240 2253 1312 2309; x_wconf 87' lang='lat' dir='ltr'>cf.</span> <span class='ocrx_word' id='word_1_206' title='bbox 1344 2207 1843 2334; x_wconf 61' lang='lat' dir='ltr'>int&#39;ewent‘ufliae</span> <span class='ocrx_word' id='word_1_207' title='bbox 1871 2252 1952 2310; x_wconf 92' lang='grc'>11).</span> <span class='ocrx_word' id='word_1_208' title='bbox 1991 2238 2091 2324; x_wconf 86' lang='grc'>10,</span> <span class='ocrx_word' id='word_1_209' title='bbox 2120 2272 2181 2333; x_wconf 92' lang='grc' dir='ltr'>Ρ.</span> <span class='ocrx_word' id='word_1_210' title='bbox 2215 2251 2375 2324; x_wconf 87' lang='grc'>443;</span> <span class='ocrx_word' id='word_1_211' title='bbox 2424 2250 2528 2309; x_wconf 84' lang='lat' dir='ltr'>vit.</span> <span class='ocrx_word' id='word_1_212' title='bbox 2561 2251 2854 2309; x_wconf 87' lang='lat' dir='ltr'>Wandre·</span> 
     </span>
     <span class='ocr_line' id='line_1_24' title="bbox 604 2338 2855 2417; baseline 0.001 -21"><span class='ocrx_word' id='word_1_213' title='bbox 604 2338 941 2417; x_wconf 66' lang='grc' dir='ltr'><strong>318.Ριίοι·.</strong></span> <span class='ocrx_word' id='word_1_214' title='bbox 995 2340 1219 2411; x_wconf 87' lang='grc' dir='ltr'>13,1Ρ.</span> <span class='ocrx_word' id='word_1_215' title='bbox 1264 2342 1411 2412; x_wconf 89' lang='grc'>667,</span> <span class='ocrx_word' id='word_1_216' title='bbox 1456 2361 1515 2417; x_wconf 95' lang='grc' dir='ltr'>Ρ.</span> <span class='ocrx_word' id='word_1_217' title='bbox 1550 2340 1744 2413; x_wconf 83' lang='grc'>530,</span> <span class='ocrx_word' id='word_1_218' title='bbox 1700 2340 1724 2375; x_wconf 83' lang='lat'>¹</span> <span class='ocrx_word' id='word_1_219' title='bbox 1788 2339 2045 2417; x_wconf 77' lang='lat' dir='ltr'>denique</span> <span class='ocrx_word' id='word_1_220' title='bbox 2095 2339 2347 2417; x_wconf 88' lang='lat' dir='ltr'>[omissis</span> <span class='ocrx_word' id='word_1_221' title='bbox 2395 2340 2503 2398; x_wconf 84' lang='lat' dir='ltr'>vit.</span> <span class='ocrx_word' id='word_1_222' title='bbox 2549 2339 2855 2398; x_wconf 84' lang='lat' dir='ltr'>Romarici</span> 
     </span>
     <span class='ocr_line' id='line_1_25' title="bbox 609 2383 2856 2514; baseline 0 -27"><span class='ocrx_word' id='word_1_223' title='bbox 609 2428 647 2487; x_wconf 86' lang='lat'><strong>3</strong></span> <span class='ocrx_word' id='word_1_224' title='bbox 695 2427 778 2489; x_wconf 88' lang='grc'>11).-</span> <span class='ocrx_word' id='word_1_225' title='bbox 810 2449 967 2500; x_wconf 69' lang='lat' dir='ltr'>ann,</span> <span class='ocrx_word' id='word_1_226' title='bbox 1018 2383 1172 2514; x_wconf 89' lang='grc'>653,</span> <span class='ocrx_word' id='word_1_227' title='bbox 1234 2451 1293 2508; x_wconf 89' lang='grc' dir='ltr'>Ρ.</span> <span class='ocrx_word' id='word_1_228' title='bbox 1341 2429 1497 2502; x_wconf 87' lang='grc'>417;</span> <span class='ocrx_word' id='word_1_229' title='bbox 1555 2430 1662 2491; x_wconf 79' lang='lat' dir='ltr'>vit.</span> <span class='ocrx_word' id='word_1_230' title='bbox 1710 2384 1999 2509; x_wconf 84' lang='lat' dir='ltr'>Adelphii</span> <span class='ocrx_word' id='word_1_231' title='bbox 2056 2430 2090 2486; x_wconf 93' lang='lat'>7</span> <span class='ocrx_word' id='word_1_232' title='bbox 2150 2429 2433 2502; x_wconf 89' lang='grc'>11).603;</span> <span class='ocrx_word' id='word_1_233' title='bbox 2492 2428 2596 2488; x_wconf 84' lang='lat' dir='ltr'>vit.</span> <span class='ocrx_word' id='word_1_234' title='bbox 2640 2428 2856 2489; x_wconf 81' lang='lat' dir='ltr'>Amati</span> 
     </span>
     <span class='ocr_line' id='line_1_26' title="bbox 610 2515 2855 2598; baseline 0 -23"><span class='ocrx_word' id='word_1_235' title='bbox 610 2519 691 2575; x_wconf 88' lang='grc'>29</span> <span class='ocrx_word' id='word_1_236' title='bbox 726 2515 807 2578; x_wconf 89' lang='grc'>11).</span> <span class='ocrx_word' id='word_1_237' title='bbox 841 2538 977 2576; x_wconf 87' lang='lat' dir='ltr'>ann.</span> <span class='ocrx_word' id='word_1_238' title='bbox 1012 2509 1158 2592; x_wconf 29' lang='grc'>6127,</span> <span class='ocrx_word' id='word_1_239' title='bbox 1186 2541 1279 2597; x_wconf 79' lang='grc' dir='ltr'><strong><em>,Ρ,.·</em></strong></span> <span class='ocrx_word' id='word_1_240' title='bbox 1303 2519 1444 2595; x_wconf 88' lang='grc'>135,</span> <span class='ocrx_word' id='word_1_241' title='bbox 1494 2519 1718 2598; x_wconf 88' lang='lat' dir='ltr'>quippe</span> <span class='ocrx_word' id='word_1_242' title='bbox 1766 2539 1918 2596; x_wconf 82' lang='lat' dir='ltr'>quae</span> <span class='ocrx_word' id='word_1_243' title='bbox 1957 2518 2226 2594; x_wconf 86' lang='lat' dir='ltr'>juniores</span> <span class='ocrx_word' id='word_1_244' title='bbox 2265 2517 2408 2596; x_wconf 89' lang='lat' dir='ltr'>sint]</span> <span class='ocrx_word' id='word_1_245' title='bbox 2442 2539 2515 2576; x_wconf 85' lang='lat' dir='ltr'>ex</span> <span class='ocrx_word' id='word_1_246' title='bbox 2545 2519 2654 2578; x_wconf 85' lang='lat' dir='ltr'>vit.</span> <span class='ocrx_word' id='word_1_247' title='bbox 2685 2517 2855 2578; x_wconf 86' lang='lat' dir='ltr'>Sala-</span> 
     </span>
     <span class='ocr_line' id='line_1_27' title="bbox 606 2605 2856 2687; baseline 0.001 -24"><span class='ocrx_word' id='word_1_248' title='bbox 606 2606 842 2683; x_wconf 84' lang='lat' dir='ltr'>bergae,</span> <span class='ocrx_word' id='word_1_249' title='bbox 890 2613 953 2664; x_wconf 92' lang='lat' dir='ltr'>et</span> <span class='ocrx_word' id='word_1_250' title='bbox 994 2607 1130 2684; x_wconf 87' lang='lat' dir='ltr'>ipsa</span> <span class='ocrx_word' id='word_1_251' title='bbox 1178 2614 1381 2683; x_wconf 80' lang='lat' dir='ltr'>aetate</span> <span class='ocrx_word' id='word_1_252' title='bbox 1422 2608 1754 2687; x_wconf 82' lang='lat' dir='ltr'>posteriore</span> <span class='ocrx_word' id='word_1_253' title='bbox 1803 2609 1898 2686; x_wconf 88' lang='lat' dir='ltr'>[cf.</span> <span class='ocrx_word' id='word_1_254' title='bbox 1929 2607 2256 2684; x_wconf 80' lang='lat' dir='ltr'>Biidinger,</span> <span class='ocrx_word' id='word_1_255' title='bbox 2303 2605 2856 2684; x_wconf 80' lang='lat' dir='ltr'>Sitzungsberichte</span> 
     </span>
     <span class='ocr_line' id='line_1_28' title="bbox 608 2689 2859 2774; baseline 0.001 -22"><span class='ocrx_word' id='word_1_256' title='bbox 608 2689 714 2752; x_wconf 89' lang='lat' dir='ltr'>der</span> <span class='ocrx_word' id='word_1_257' title='bbox 767 2694 1015 2753; x_wconf 86' lang='lat' dir='ltr'>Wiener</span> <span class='ocrx_word' id='word_1_258' title='bbox 1048 2696 1401 2762; x_wconf 77' lang='lat' dir='ltr'>Academie</span> <span class='ocrx_word' id='word_1_259' title='bbox 1456 2695 1726 2769; x_wconf 86' lang='lat' dir='ltr'>XXIII,</span> <span class='ocrx_word' id='word_1_260' title='bbox 1787 2697 1925 2756; x_wconf 88' lang='lat' dir='ltr'>hist.</span> <span class='ocrx_word' id='word_1_261' title='bbox 1930 2697 2097 2773; x_wconf 83' lang='lat' dir='ltr'>-phil.</span> <span class='ocrx_word' id='word_1_262' title='bbox 2154 2697 2260 2754; x_wconf 91' lang='lat' dir='ltr'>Kl.</span> <span class='ocrx_word' id='word_1_263' title='bbox 2321 2696 2700 2774; x_wconf 84' lang='grc'>372-383]</span> <span class='ocrx_word' id='word_1_264' title='bbox 2751 2695 2859 2754; x_wconf 91' lang='lat' dir='ltr'>sed</span> 
     </span>
    </p>
   </div>
   <div class='ocr_carea' id='block_1_5' title="bbox 610 2817 1035 2830">
    <p class='ocr_par' dir='ltr' id='par_1_6' title="bbox 610 2817 1035 2830">
     <span class='ocr_line' id='line_1_29' title="bbox 610 2817 1035 2830; baseline 0 2070"><span class='ocrx_word' id='word_1_265' title='bbox 610 2817 1035 2830; x_wconf 95' lang='lat' dir='ltr'> </span> 
     </span>
    </p>
   </div>
   <div class='ocr_carea' id='block_1_6' title="bbox 610 2814 2855 3006">
    <p class='ocr_par' dir='ltr' id='par_1_7' title="bbox 610 2814 2855 3006">
     <span class='ocr_line' id='line_1_30' title="bbox 610 2814 2855 2936; baseline 0.001 -16"><span class='ocrx_word' id='word_1_266' title='bbox 610 2870 742 2930; x_wconf 84' lang='lat' dir='ltr'>sunt</span> <span class='ocrx_word' id='word_1_267' title='bbox 792 2867 1093 2934; x_wconf 79' lang='lat' dir='ltr'>(translata</span> <span class='ocrx_word' id='word_1_268' title='bbox 1139 2885 1170 2920; x_wconf 81' lang='lat' dir='ltr'>a</span> <span class='ocrx_word' id='word_1_269' title='bbox 1209 2865 1310 2922; x_wconf 87' lang='lat' dir='ltr'>Dr.-</span> <span class='ocrx_word' id='word_1_270' title='bbox 1352 2814 1543 2918; x_wconf 80' lang='lat' dir='ltr'>Todd</span> <span class='ocrx_word' id='word_1_271' title='bbox 1564 2885 1636 2934; x_wconf 86' lang='lat' dir='ltr'>ap</span> <span class='ocrx_word' id='word_1_272' title='bbox 1641 2867 1717 2920; x_wconf 83' lang='lat' dir='ltr'>ud</span> <span class='ocrx_word' id='word_1_273' title='bbox 1752 2867 2056 2932; x_wconf 58' lang='lat' dir='ltr'>Ser-iveram,</span> <span class='ocrx_word' id='word_1_274' title='bbox 2097 2868 2150 2921; x_wconf 91' lang='lat' dir='ltr'>A</span> <span class='ocrx_word' id='word_1_275' title='bbox 2175 2867 2337 2936; x_wconf 71' lang='lat' dir='ltr'>plain</span> <span class='ocrx_word' id='word_1_276' title='bbox 2380 2867 2750 2922; x_wconf 75' lang='lat' dir='ltr'>introduction</span> <span class='ocrx_word' id='word_1_277' title='bbox 2801 2869 2855 2922; x_wconf 85' lang='lat' dir='ltr'>to</span> 
     </span>
     <span class='ocr_line' id='line_1_31' title="bbox 610 2936 2228 3006; baseline -0.001 -14"><span class='ocrx_word' id='word_1_278' title='bbox 610 2938 695 2992; x_wconf 78' lang='lat' dir='ltr'>the</span> <span class='ocrx_word' id='word_1_279' title='bbox 722 2936 1001 2994; x_wconf 72' lang='lat' dir='ltr'>Criticism</span> <span class='ocrx_word' id='word_1_280' title='bbox 1026 2943 1133 3000; x_wconf 82' lang='lat' dir='ltr'>etc.</span> <span class='ocrx_word' id='word_1_281' title='bbox 1174 2954 1280 2990; x_wconf 87' lang='lat' dir='ltr'>sec.</span> <span class='ocrx_word' id='word_1_282' title='bbox 1302 2936 1394 2990; x_wconf 89' lang='lat' dir='ltr'>ed.</span> <span class='ocrx_word' id='word_1_283' title='bbox 1426 2937 1579 2992; x_wconf 83' lang='grc'>1874.</span> <span class='ocrx_word' id='word_1_284' title='bbox 1620 2956 1676 3006; x_wconf 88' lang='grc' dir='ltr'>Ρ.</span> <span class='ocrx_word' id='word_1_285' title='bbox 1719 2937 1846 3006; x_wconf 79' lang='grc'>157)</span> <span class='ocrx_word' id='word_1_286' title='bbox 1887 2939 1995 2991; x_wconf 90' lang='lat' dir='ltr'>hoc</span> <span class='ocrx_word' id='word_1_287' title='bbox 2033 2939 2228 2992; x_wconf 88' lang='lat' dir='ltr'>modo:</span> 
     </span>
    </p>
   </div>
   <div class='ocr_carea' id='block_1_7' title="bbox 768 3016 1936 3245">
    <p class='ocr_par' dir='ltr' id='par_1_8' title="bbox 768 3016 1936 3230">
     <span class='ocr_line' id='line_1_32' title="bbox 830 3016 1936 3108; baseline 0.001 -19"><span class='ocrx_word' id='word_1_288' title='bbox 830 3036 924 3089; x_wconf 87' lang='lat' dir='ltr'>To</span> <span class='ocrx_word' id='word_1_289' title='bbox 936 3051 1003 3104; x_wconf 69' lang='grc' dir='ltr'><strong>ρο</strong></span> <span class='ocrx_word' id='word_1_290' title='bbox 1040 3035 1093 3088; x_wconf 84' lang='lat' dir='ltr'>to</span> <span class='ocrx_word' id='word_1_291' title='bbox 1132 3034 1317 3100; x_wconf 85' lang='lat' dir='ltr'>Rome,</span> <span class='ocrx_word' id='word_1_292' title='bbox 1361 3037 1413 3088; x_wconf 83' lang='lat' dir='ltr'>to</span> <span class='ocrx_word' id='word_1_293' title='bbox 1446 3051 1513 3108; x_wconf 80' lang='lat'>90</span> <span class='ocrx_word' id='word_1_294' title='bbox 1551 3037 1612 3088; x_wconf 84' lang='lat' dir='ltr'>to</span> <span class='ocrx_word' id='word_1_295' title='bbox 1641 3016 1828 3100; x_wconf 72' lang='lat' dir='ltr'>Rome,</span> <span class='ocrx_word' id='word_1_296' title='bbox 1927 3083 1936 3090; x_wconf 93' lang='lat'><strong><em>.</em></strong></span> 
     </span>
     <span class='ocr_line' id='line_1_33' title="bbox 768 3076 1835 3174; baseline 0 -15"><span class='ocrx_word' id='word_1_297' title='bbox 768 3127 775 3133; x_wconf 90' lang='lat'><strong>·</strong></span> <span class='ocrx_word' id='word_1_298' title='bbox 828 3105 999 3160; x_wconf 72' lang='lat' dir='ltr'>Much,</span> <span class='ocrx_word' id='word_1_299' title='bbox 1035 3099 1105 3172; x_wconf 66' lang='lat' dir='ltr'>of</span> <span class='ocrx_word' id='word_1_300' title='bbox 1134 3105 1351 3171; x_wconf 78' lang='lat' dir='ltr'>trouble,</span> <span class='ocrx_word' id='word_1_301' title='bbox 1390 3101 1527 3159; x_wconf 69' lang='lat' dir='ltr'>little</span> <span class='ocrx_word' id='word_1_302' title='bbox 1563 3107 1633 3174; x_wconf 84' lang='grc' dir='ltr'>οΓ</span> <span class='ocrx_word' id='word_1_303' title='bbox 1650 3076 1835 3174; x_wconf 62' lang='lat' dir='ltr'>profit&#39;,</span> 
     </span>
     <span class='ocr_line' id='line_1_34' title="bbox 832 3167 1676 3245; baseline 0 -15"><span class='ocrx_word' id='word_1_304' title='bbox 832 3177 939 3230; x_wconf 77' lang='lat' dir='ltr'>The</span> <span class='ocrx_word' id='word_1_305' title='bbox 976 3172 1104 3245; x_wconf 70' lang='lat' dir='ltr'>kiny</span> <span class='ocrx_word' id='word_1_306' title='bbox 1142 3167 1269 3230; x_wconf 62' lang='lat' dir='ltr'>thou</span> <span class='ocrx_word' id='word_1_307' title='bbox 1307 3176 1505 3233; x_wconf 71' lang='lat' dir='ltr'>seekest</span> <span class='ocrx_word' id='word_1_308' title='bbox 1538 3169 1676 3241; x_wconf 75' lang='lat' dir='ltr'>here,</span> 
     </span>
    </p>
   </div>
   <div class='ocr_carea' id='block_1_8' title="bbox 638 3193 2512 3318">
    <p class='ocr_par' dir='ltr' id='par_1_9' title="bbox 638 3193 2512 3318">
     <span class='ocr_line' id='line_1_35' title="bbox 638 3193 2512 3318; baseline 0.002 -18"><span class='ocrx_word' id='word_1_309' title='bbox 638 3279 646 3288; x_wconf 80' lang='lat'>-</span> <span class='ocrx_word' id='word_1_310' title='bbox 726 3307 735 3314; x_wconf 60' lang='grc'>,</span> <span class='ocrx_word' id='word_1_311' title='bbox 774 3303 783 3310; x_wconf 72' lang='grc'>,</span> <span class='ocrx_word' id='word_1_312' title='bbox 828 3247 900 3314; x_wconf 79' lang='lat' dir='ltr'>If</span> <span class='ocrx_word' id='word_1_313' title='bbox 928 3247 1057 3300; x_wconf 73' lang='lat' dir='ltr'>thou</span> <span class='ocrx_word' id='word_1_314' title='bbox 1068 3193 1249 3317; x_wconf 59' lang='lat' dir='ltr'>‘&#39;brinq</span> <span class='ocrx_word' id='word_1_315' title='bbox 1274 3247 1416 3304; x_wconf 75' lang='lat' dir='ltr'>fflm</span> <span class='ocrx_word' id='word_1_316' title='bbox 1450 3251 1547 3302; x_wconf 77' lang='grc' dir='ltr'><em>ωε</em></span> <span class='ocrx_word' id='word_1_317' title='bbox 1578 3217 1711 3305; x_wconf 60' lang='lat' dir='ltr'>main</span> <span class='ocrx_word' id='word_1_318' title='bbox 1748 3248 1878 3314; x_wconf 74' lang='grc' dir='ltr'><strong>ειιεε,</strong></span> <span class='ocrx_word' id='word_1_319' title='bbox 1921 3248 2048 3302; x_wconf 68' lang='lat' dir='ltr'>thou</span> <span class='ocrx_word' id='word_1_320' title='bbox 2081 3220 2289 3318; x_wconf 64' lang='grc' dir='ltr'><em>ῥωερε</em></span> <span class='ocrx_word' id='word_1_321' title='bbox 2313 3251 2426 3306; x_wconf 71' lang='lat' dir='ltr'><strong><em>not.</em></strong></span> <span class='ocrx_word' id='word_1_322' title='bbox 2507 3221 2512 3228; x_wconf 79' lang='grc'><strong>’</strong></span> 
     </span>
    </p>
   </div>
   <div class='ocr_carea' id='block_1_9' title="bbox 804 3351 2715 3638">
    <p class='ocr_par' dir='ltr' id='par_1_10' title="bbox 830 3351 1822 3422">
     <span class='ocr_line' id='line_1_36' title="bbox 830 3351 1822 3422; baseline 0.001 -15"><span class='ocrx_word' id='word_1_323' title='bbox 830 3353 1005 3407; x_wconf 71' lang='lat' dir='ltr'>Great</span> <span class='ocrx_word' id='word_1_324' title='bbox 1032 3353 1185 3422; x_wconf 73' lang='lat' dir='ltr'>fully,</span> <span class='ocrx_word' id='word_1_325' title='bbox 1222 3357 1381 3422; x_wconf 77' lang='lat' dir='ltr'>yreat</span> <span class='ocrx_word' id='word_1_326' title='bbox 1412 3351 1686 3418; x_wconf 66' lang='lat' dir='ltr'>macine-98,</span> <span class='ocrx_word' id='word_1_327' title='bbox 1815 3373 1822 3378; x_wconf 93' lang='lat'><em>·</em></span> 
     </span>
    </p>

    <p class='ocr_par' dir='ltr' id='par_1_11' title="bbox 812 3424 1956 3494">
     <span class='ocr_line' id='line_1_37' title="bbox 812 3424 1956 3494; baseline 0.006 -22"><span class='ocrx_word' id='word_1_328' title='bbox 812 3424 1005 3480; x_wconf 63' lang='lat' dir='ltr'>„Gr-‚eat</span> <span class='ocrx_word' id='word_1_329' title='bbox 1036 3424 1171 3477; x_wconf 71' lang='lat' dir='ltr'>min</span> <span class='ocrx_word' id='word_1_330' title='bbox 1206 3424 1273 3491; x_wconf 84' lang='grc' dir='ltr'>οΓ</span> <span class='ocrx_word' id='word_1_331' title='bbox 1301 3441 1465 3489; x_wconf 73' lang='lat' dir='ltr'>sense,</span> <span class='ocrx_word' id='word_1_332' title='bbox 1500 3428 1658 3494; x_wconf 68' lang='lat' dir='ltr'>great</span> <span class='ocrx_word' id='word_1_333' title='bbox 1692 3425 1956 3494; x_wconf 74' lang='lat' dir='ltr'>imanit-y,</span> 
     </span>
    </p>

    <p class='ocr_par' dir='ltr' id='par_1_12' title="bbox 830 3493 2702 3638">
     <span class='ocr_line' id='line_1_38' title="bbox 830 3493 2570 3576; baseline 0.002 -29"><span class='ocrx_word' id='word_1_334' title='bbox 830 3495 988 3549; x_wconf 75' lang='lat' dir='ltr'>Since</span> <span class='ocrx_word' id='word_1_335' title='bbox 1026 3495 1154 3547; x_wconf 78' lang='lat' dir='ltr'>thou</span> <span class='ocrx_word' id='word_1_336' title='bbox 1192 3495 1317 3550; x_wconf 78' lang='lat' dir='ltr'>hast</span> <span class='ocrx_word' id='word_1_337' title='bbox 1352 3499 1433 3548; x_wconf 80' lang='lat' dir='ltr'>set</span> <span class='ocrx_word' id='word_1_338' title='bbox 1467 3498 1563 3548; x_wconf 81' lang='lat' dir='ltr'>out</span> <span class='ocrx_word' id='word_1_339' title='bbox 1590 3495 1690 3576; x_wconf 82' lang='lat' dir='ltr'>for</span> <span class='ocrx_word' id='word_1_340' title='bbox 1729 3497 1814 3548; x_wconf 77' lang='lat' dir='ltr'>the</span> <span class='ocrx_word' id='word_1_341' title='bbox 1850 3496 1975 3549; x_wconf 81' lang='lat' dir='ltr'>sake</span> <span class='ocrx_word' id='word_1_342' title='bbox 1995 3493 2081 3562; x_wconf 93' lang='grc' dir='ltr'>οΓ</span> <span class='ocrx_word' id='word_1_343' title='bbox 2103 3496 2266 3566; x_wconf 70' lang='lat' dir='ltr'>quinq</span> <span class='ocrx_word' id='word_1_344' title='bbox 2305 3501 2356 3552; x_wconf 80' lang='lat' dir='ltr'>to</span> <span class='ocrx_word' id='word_1_345' title='bbox 2394 3497 2570 3560; x_wconf 78' lang='lat' dir='ltr'>death,</span> 
     </span>
     <span class='ocr_line' id='line_1_39' title="bbox 804 3565 2715 3638; baseline 0.001 -20.034"><span class='ocrx_word' id='word_1_346' title='bbox 804 3565 979 3620; x_wconf 73' lang='lat' dir='ltr'>That</span> <span class='ocrx_word' id='word_1_347' title='bbox 1014 3565 1142 3618; x_wconf 78' lang='lat' dir='ltr'>thou</span> <span class='ocrx_word' id='word_1_348' title='bbox 1181 3565 1451 3620; x_wconf 78' lang='lat' dir='ltr'>shouldest</span> <span class='ocrx_word' id='word_1_349' title='bbox 1485 3565 1542 3618; x_wconf 86' lang='lat' dir='ltr'>be</span> <span class='ocrx_word' id='word_1_350' title='bbox 1577 3567 1642 3619; x_wconf 74' lang='lat' dir='ltr'>in</span> <span class='ocrx_word' id='word_1_351' title='bbox 1677 3565 2032 3620; x_wconf 76' lang='lat' dir='ltr'>disobedience</span> <span class='ocrx_word' id='word_1_352' title='bbox 2069 3569 2122 3620; x_wconf 83' lang='lat' dir='ltr'>to</span> <span class='ocrx_word' id='word_1_353' title='bbox 2156 3567 2244 3620; x_wconf 67' lang='lat' dir='ltr'>tlae</span> <span class='ocrx_word' id='word_1_354' title='bbox 2280 3567 2393 3622; x_wconf 77' lang='lat' dir='ltr'>Son</span> <span class='ocrx_word' id='word_1_355' title='bbox 2429 3569 2498 3636; x_wconf 84' lang='grc' dir='ltr'>οΓ</span> <span class='ocrx_word' id='word_1_356' title='bbox 2527 3567 2715 3638; x_wconf 74' lang='lat' dir='ltr'>Mary.</span> 
     </span>
    </p>
   </div>
   <div class='ocr_carea' id='block_1_10' title="bbox 616 3647 2868 4092">
    <p class='ocr_par' dir='ltr' id='par_1_13' title="bbox 616 3647 2868 4092">
     <span class='ocr_line' id='line_1_40' title="bbox 618 3647 2860 3734; baseline 0.001 -18"><span class='ocrx_word' id='word_1_357' title='bbox 618 3661 934 3730; x_wconf 86' lang='lat' dir='ltr'>Compositi</span> <span class='ocrx_word' id='word_1_358' title='bbox 960 3665 1090 3714; x_wconf 90' lang='lat' dir='ltr'>sunt</span> <span class='ocrx_word' id='word_1_359' title='bbox 1114 3661 1174 3713; x_wconf 89' lang='lat' dir='ltr'>hi</span> <span class='ocrx_word' id='word_1_360' title='bbox 1200 3678 1410 3726; x_wconf 87' lang='lat' dir='ltr'>versus,</span> <span class='ocrx_word' id='word_1_361' title='bbox 1453 3667 1515 3715; x_wconf 94' lang='lat' dir='ltr'>ut</span> <span class='ocrx_word' id='word_1_362' title='bbox 1538 3667 1762 3730; x_wconf 87' lang='lat' dir='ltr'>putant,</span> <span class='ocrx_word' id='word_1_363' title='bbox 1802 3663 1863 3716; x_wconf 88' lang='grc' dir='ltr'>ιιι</span> <span class='ocrx_word' id='word_1_364' title='bbox 1887 3665 2225 3718; x_wconf 85' lang='lat' dir='ltr'>monasterio</span> <span class='ocrx_word' id='word_1_365' title='bbox 2252 3647 2627 3734; x_wconf 73' lang='lat' dir='ltr'>sangallensi,</span> <span class='ocrx_word' id='word_1_366' title='bbox 2667 3665 2860 3732; x_wconf 82' lang='lat' dir='ltr'>itaque</span> 
     </span>
     <span class='ocr_line' id='line_1_41' title="bbox 617 3731 2862 3814; baseline 0.001 -28"><span class='ocrx_word' id='word_1_367' title='bbox 617 3733 691 3786; x_wconf 82' lang='lat' dir='ltr'>ad</span> <span class='ocrx_word' id='word_1_368' title='bbox 744 3731 1197 3814; x_wconf 79' lang='lat' dir='ltr'>cognoscendum</span> <span class='ocrx_word' id='word_1_369' title='bbox 1246 3733 1732 3803; x_wconf 86' lang='lat' dir='ltr'>peregrinantium</span> <span class='ocrx_word' id='word_1_370' title='bbox 1782 3733 2079 3788; x_wconf 87' lang='lat' dir='ltr'>Scotorum</span> <span class='ocrx_word' id='word_1_371' title='bbox 2131 3736 2381 3788; x_wconf 87' lang='lat' dir='ltr'>animum</span> <span class='ocrx_word' id='word_1_372' title='bbox 2429 3735 2624 3807; x_wconf 84' lang='lat' dir='ltr'>magni</span> <span class='ocrx_word' id='word_1_373' title='bbox 2675 3739 2862 3789; x_wconf 87' lang='lat' dir='ltr'>essent</span> 
     </span>
     <span class='ocr_line' id='line_1_42' title="bbox 616 3802 2862 3875; baseline 0.001 -17"><span class='ocrx_word' id='word_1_374' title='bbox 616 3803 908 3867; x_wconf 88' lang='lat' dir='ltr'>momenti,</span> <span class='ocrx_word' id='word_1_375' title='bbox 950 3802 999 3854; x_wconf 88' lang='lat' dir='ltr'>si</span> <span class='ocrx_word' id='word_1_376' title='bbox 1036 3803 1322 3868; x_wconf 84' lang='lat' dir='ltr'>sciremus,</span> <span class='ocrx_word' id='word_1_377' title='bbox 1363 3821 1396 3856; x_wconf 89' lang='lat' dir='ltr'>a</span> <span class='ocrx_word' id='word_1_378' title='bbox 1435 3821 1680 3872; x_wconf 87' lang='lat' dir='ltr'>quonam</span> <span class='ocrx_word' id='word_1_379' title='bbox 1706 3805 1857 3858; x_wconf 84' lang='lat' dir='ltr'>facta</span> <span class='ocrx_word' id='word_1_380' title='bbox 1884 3810 2085 3871; x_wconf 83' lang='lat' dir='ltr'>essent,</span> <span class='ocrx_word' id='word_1_381' title='bbox 2127 3811 2186 3859; x_wconf 90' lang='lat' dir='ltr'>et</span> <span class='ocrx_word' id='word_1_382' title='bbox 2212 3825 2322 3875; x_wconf 85' lang='lat' dir='ltr'>qua</span> <span class='ocrx_word' id='word_1_383' title='bbox 2348 3807 2420 3860; x_wconf 85' lang='lat' dir='ltr'>de</span> <span class='ocrx_word' id='word_1_384' title='bbox 2448 3824 2631 3860; x_wconf 82' lang='lat' dir='ltr'>causa.</span> <span class='ocrx_word' id='word_1_385' title='bbox 2697 3805 2862 3860; x_wconf 86' lang='lat' dir='ltr'>Nunc</span> 
     </span>
     <span class='ocr_line' id='line_1_43' title="bbox 618 3873 2867 3958; baseline 0.001 -28"><span class='ocrx_word' id='word_1_386' title='bbox 618 3893 748 3930; x_wconf 89' lang='lat' dir='ltr'>cum</span> <span class='ocrx_word' id='word_1_387' title='bbox 786 3874 919 3944; x_wconf 85' lang='lat' dir='ltr'>quia</span> <span class='ocrx_word' id='word_1_388' title='bbox 955 3873 1136 3928; x_wconf 77' lang='lat' dir='ltr'>multo</span> <span class='ocrx_word' id='word_1_389' title='bbox 1174 3877 1307 3942; x_wconf 81' lang='lat' dir='ltr'>post</span> <span class='ocrx_word' id='word_1_390' title='bbox 1342 3876 1716 3943; x_wconf 88' lang='lat' dir='ltr'>compositam</span> <span class='ocrx_word' id='word_1_391' title='bbox 1756 3878 2199 3958; x_wconf 82' lang='lat' dir='ltr'>controversiam</span> <span class='ocrx_word' id='word_1_392' title='bbox 2235 3878 2519 3946; x_wconf 84' lang='lat' dir='ltr'>concripti</span> <span class='ocrx_word' id='word_1_393' title='bbox 2556 3882 2702 3943; x_wconf 87' lang='lat' dir='ltr'>sunt,</span> <span class='ocrx_word' id='word_1_394' title='bbox 2743 3882 2867 3932; x_wconf 86' lang='lat' dir='ltr'>tum</span> 
     </span>
     <span class='ocr_line' id='line_1_44' title="bbox 618 3945 2868 4031; baseline 0.002 -33"><span class='ocrx_word' id='word_1_395' title='bbox 618 3947 751 4016; x_wconf 84' lang='lat' dir='ltr'>quia</span> <span class='ocrx_word' id='word_1_396' title='bbox 787 3963 952 4020; x_wconf 87' lang='lat' dir='ltr'>nemo</span> <span class='ocrx_word' id='word_1_397' title='bbox 994 3945 1125 4010; x_wconf 85' lang='lat' dir='ltr'>scit,</span> <span class='ocrx_word' id='word_1_398' title='bbox 1165 3963 1301 3998; x_wconf 90' lang='lat' dir='ltr'>num</span> <span class='ocrx_word' id='word_1_399' title='bbox 1338 3945 1574 4000; x_wconf 85' lang='lat' dir='ltr'>fortasse</span> <span class='ocrx_word' id='word_1_400' title='bbox 1612 3945 1675 4012; x_wconf 90' lang='lat' dir='ltr'>is,</span> <span class='ocrx_word' id='word_1_401' title='bbox 1717 3947 1814 4016; x_wconf 88' lang='lat' dir='ltr'>qui</span> <span class='ocrx_word' id='word_1_402' title='bbox 1853 3965 1948 4000; x_wconf 87' lang='lat' dir='ltr'>eos</span> <span class='ocrx_word' id='word_1_403' title='bbox 1985 3949 2224 4031; x_wconf 88' lang='lat' dir='ltr'>pepigit,</span> <span class='ocrx_word' id='word_1_404' title='bbox 2267 3967 2366 4003; x_wconf 84' lang='lat' dir='ltr'>sua</span> <span class='ocrx_word' id='word_1_405' title='bbox 2403 3950 2582 4018; x_wconf 88' lang='lat' dir='ltr'>ipsius</span> <span class='ocrx_word' id='word_1_406' title='bbox 2620 3949 2868 4018; x_wconf 86' lang='lat' dir='ltr'>quadam</span> 
     </span>
     <span class='ocr_line' id='line_1_45' title="bbox 619 4015 2867 4092; baseline 0.001 -22"><span class='ocrx_word' id='word_1_407' title='bbox 619 4035 787 4070; x_wconf 86' lang='lat' dir='ltr'>causa</span> <span class='ocrx_word' id='word_1_408' title='bbox 807 4015 865 4068; x_wconf 82' lang='grc' dir='ltr'>ιιι</span> <span class='ocrx_word' id='word_1_409' title='bbox 886 4015 1169 4070; x_wconf 85' lang='lat' dir='ltr'>Romanos</span> <span class='ocrx_word' id='word_1_410' title='bbox 1198 4016 1374 4070; x_wconf 90' lang='lat' dir='ltr'>fuerit</span> <span class='ocrx_word' id='word_1_411' title='bbox 1397 4017 1681 4084; x_wconf 87' lang='lat' dir='ltr'>incitatus,</span> <span class='ocrx_word' id='word_1_412' title='bbox 1710 4020 2190 4072; x_wconf 87' lang='lat' dir='ltr'>commemorandi</span> <span class='ocrx_word' id='word_1_413' title='bbox 2217 4025 2361 4085; x_wconf 84' lang='lat' dir='ltr'>sunt,</span> <span class='ocrx_word' id='word_1_414' title='bbox 2391 4021 2492 4073; x_wconf 88' lang='lat' dir='ltr'>sed</span> <span class='ocrx_word' id='word_1_415' title='bbox 2517 4019 2867 4092; x_wconf 86' lang='lat' dir='ltr'>neglegendi</span> 
     </span>
    </p>
   </div>
   <div class='ocr_carea' id='block_1_11' title="bbox 518 4088 1353 4157">
    <p class='ocr_par' dir='ltr' id='par_1_14' title="bbox 518 4088 1353 4157">
     <span class='ocr_line' id='line_1_46' title="bbox 518 4088 1353 4157; baseline 0.001 -17"><span class='ocrx_word' id='word_1_416' title='bbox 518 4127 527 4134; x_wconf 90' lang='lat'>.</span> <span class='ocrx_word' id='word_1_417' title='bbox 618 4088 679 4157; x_wconf 84' lang='lat' dir='ltr'>in</span> <span class='ocrx_word' id='word_1_418' title='bbox 719 4088 1077 4155; x_wconf 83' lang='lat' dir='ltr'>explananda</span> <span class='ocrx_word' id='word_1_419' title='bbox 1115 4088 1238 4154; x_wconf 84' lang='lat' dir='ltr'>ipsa</span> <span class='ocrx_word' id='word_1_420' title='bbox 1274 4105 1353 4142; x_wconf 91' lang='lat' dir='ltr'>re.</span> 
     </span>
    </p>
   </div>
   <div class='ocr_carea' id='block_1_12' title="bbox 768 4130 2869 4226">
    <p class='ocr_par' dir='ltr' id='par_1_15' title="bbox 768 4130 2869 4226">
     <span class='ocr_line' id='line_1_47' title="bbox 768 4130 2869 4226; baseline 0.003 -17"><span class='ocrx_word' id='word_1_421' title='bbox 768 4158 787 4188; x_wconf 85' lang='lat'>²</span> <span class='ocrx_word' id='word_1_422' title='bbox 829 4156 993 4210; x_wconf 87' lang='lat' dir='ltr'>Nova</span> <span class='ocrx_word' id='word_1_423' title='bbox 1022 4158 1181 4211; x_wconf 86' lang='lat' dir='ltr'>illius</span> <span class='ocrx_word' id='word_1_424' title='bbox 1219 4159 1372 4211; x_wconf 86' lang='lat' dir='ltr'>vitae</span> <span class='ocrx_word' id='word_1_425' title='bbox 1411 4159 1588 4212; x_wconf 83' lang='lat' dir='ltr'>editio</span> <span class='ocrx_word' id='word_1_426' title='bbox 1629 4161 1851 4214; x_wconf 86' lang='lat' dir='ltr'>exstat</span> <span class='ocrx_word' id='word_1_427' title='bbox 1836 4179 1892 4213; x_wconf 87' lang='grc' dir='ltr'>ιιι</span> <span class='ocrx_word' id='word_1_428' title='bbox 1920 4130 2128 4226; x_wconf 74' lang='lat' dir='ltr'>Arndt,</span> <span class='ocrx_word' id='word_1_429' title='bbox 2169 4131 2365 4216; x_wconf 74' lang='lat' dir='ltr'>Kleim</span> <span class='ocrx_word' id='word_1_430' title='bbox 2391 4161 2727 4218; x_wconf 77' lang='lat' dir='ltr'>Denkma&#39;ler</span> <span class='ocrx_word' id='word_1_431' title='bbox 2761 4178 2869 4217; x_wconf 77' lang='lat' dir='ltr'>aus</span> 
     </span>
    </p>
   </div>
   <div class='ocr_carea' id='block_1_13' title="bbox 620 4229 2869 4367">
    <p class='ocr_par' dir='ltr' id='par_1_16' title="bbox 620 4229 2869 4367">
     <span class='ocr_line' id='line_1_48' title="bbox 620 4229 2869 4302; baseline 0.002 -19"><span class='ocrx_word' id='word_1_432' title='bbox 620 4229 716 4283; x_wconf 78' lang='lat' dir='ltr'>der</span> <span class='ocrx_word' id='word_1_433' title='bbox 754 4229 1231 4297; x_wconf 73' lang='lat' dir='ltr'>Merowinyerzeit.</span> <span class='ocrx_word' id='word_1_434' title='bbox 1281 4232 1447 4295; x_wconf 82' lang='grc'>1875,</span> <span class='ocrx_word' id='word_1_435' title='bbox 1488 4231 1588 4284; x_wconf 86' lang='lat' dir='ltr'>sed</span> <span class='ocrx_word' id='word_1_436' title='bbox 1627 4232 1936 4300; x_wconf 88' lang='lat' dir='ltr'>simplicius</span> <span class='ocrx_word' id='word_1_437' title='bbox 1975 4236 2064 4285; x_wconf 88' lang='lat' dir='ltr'>est</span> <span class='ocrx_word' id='word_1_438' title='bbox 2102 4232 2275 4285; x_wconf 89' lang='lat' dir='ltr'>etiam</span> <span class='ocrx_word' id='word_1_439' title='bbox 2311 4233 2478 4302; x_wconf 90' lang='lat' dir='ltr'>hujus</span> <span class='ocrx_word' id='word_1_440' title='bbox 2517 4235 2670 4288; x_wconf 86' lang='lat' dir='ltr'>vitae</span> <span class='ocrx_word' id='word_1_441' title='bbox 2707 4233 2869 4288; x_wconf 89' lang='lat' dir='ltr'>locos</span> 
     </span>
     <span class='ocr_line' id='line_1_49' title="bbox 620 4271 1654 4367; baseline 0.005 -16"><span class='ocrx_word' id='word_1_442' title='bbox 620 4304 882 4367; x_wconf 89' lang='lat' dir='ltr'>repetere</span> <span class='ocrx_word' id='word_1_443' title='bbox 920 4317 985 4352; x_wconf 90' lang='lat' dir='ltr'>ex</span> <span class='ocrx_word' id='word_1_444' title='bbox 1022 4299 1345 4358; x_wconf 84' lang='lat' dir='ltr'>Mabilionis</span> <span class='ocrx_word' id='word_1_445' title='bbox 1383 4271 1654 4359; x_wconf 79' lang='lat' dir='ltr'>editione.</span> 
     </span>
    </p>
   </div>
   <div class='ocr_carea' id='block_1_14' title="bbox 3138 98 3156 1377">
    <p class='ocr_par' dir='ltr' id='par_1_17' title="bbox 3138 98 3156 1377">
     <span class='ocr_line' id='line_1_50' title="bbox 3138 98 3156 1377; baseline 0 0"><span class='ocrx_word' id='word_1_446' title='bbox 3138 98 3156 1377; x_wconf 95' lang='lat' dir='ltr'> </span> 
     </span>
    </p>
   </div>
   <div class='ocr_carea' id='block_1_15' title="bbox 3127 1908 3167 4875">
    <p class='ocr_par' dir='ltr' id='par_1_18' title="bbox 3127 1908 3167 4875">
     <span class='ocr_line' id='line_1_51' title="bbox 3127 1908 3167 4875; baseline 0 0"><span class='ocrx_word' id='word_1_447' title='bbox 3127 1908 3167 4875; x_wconf 95' lang='lat' dir='ltr'> </span> 
     </span>
    </p>
   </div>
  </div>
 </body>
</html>
