3167 4900
1186 241 1630 302 —6‘9—

278 427 476 479 tamen
518 415 859 500 relinquitur
902 438 1006 479 neo
1048 438 1210 481 mene
1248 439 1289 479 a
1318 418 1650 480 carnalibus
1679 421 1888 491 studiis
1917 420 2206 483 alternatur
2234 424 2492 501 (ibid.).

280 505 603 588 aliquando
632 516 817 569 mente
844 516 1039 571 tamn
1055 508 1269 587 patria
1294 505 1639 589 relmqaitw·
1664 518 1719 589 et
1747 518 1864 571 non
1893 530 2154 593 corpore
2165 514 2248 589 (p.
2275 513 2356 570 47
2363 514 2480 589 2)

279 591 605 677 aliquando
663 605 847 657 mente
906 606 958 658 et
1012 616 1256 677 conpore
1294 606 1362 657 ut
1401 606 1539 658 sunt
1582 596 1672 670 hi,
1725 598 1934 679 quibus
1977 598 2225 661 dicetur.-
2283 618 2382 660 vos
2425 600 2532 682 qui

280 681 667 765 dereliquisti-3
720 684 920 745 omnia
959 694 1219 765 propter·
1264 705 1359 746 me
1404 695 1503 747 etc.
1564 684 1680 747 M.
1731 690 1828 759 19,
1865 691 1982 761 29,
2007 685 2100 747 vel
2139 686 2263 747 Mc.
2313 693 2401 759 10,
2447 692 2528 749 30

284 774 363 849 (p
399 773 613 850 472).
656 770 781 833 .ἠί
830 782 963 835 sawt
1015 773 1141 835 veri
1182 774 1513 855 peremim,
1577 775 1684 857 qui
1734 796 1874 835 emm
1915 774 2230 855 psalmista
2274 778 2526 857 pos-sunt

279 859 501 921 dicere.-
552 859 805 923 Advena
848 882 981 922 sum
1024 862 1190 942 apud
1232 872 1311 934 te,
1356 862 1618 935 domine,
1665 873 1718 923 et
1754 863 2097 945 pereffluas
2141 864 2287 925 sicat
2331 885 2526 925 omnes

272 957 479 1028 patres
523 948 653 1009 mei.
721 948 1071 1012 Multitudes
1116 950 1187 1033 of
1206 948 1299 1011 the
1312 948 1569 1033 faitlful
1596 961 1854 1013 servante
1885 952 1960 1034 of
1974 950 2068 1013 the
2097 950 2292 1025 Lord,
2339 971 2523 1014 more-

276 1056 433 1110 ουθν,
478 1036 615 1099 both.
660 1038 735 1120 of
766 1036 857 1101 the
902 1036 1019 1101 Old
1054 1039 1179 1099 and
1208 1034 1292 1099 N
1283 1058 1368 1099 ew
1402 1038 1734 1100 Testament
1766 1038 1914 1101 Ita-ve
1930 1040 2222 1123 perfectly
2253 1040 2526 1103 obser-‚ved

276 1122 393 1185 this
425 1124 741 1211 profitable
784 1125 1017 1189 σουπερὶ
1062 1130 1145 1206 (Ρ.
1194 1129 1367 1205 473).

368 1272 376 1277 .
460 1212 951 1296 Per-aymam
989 1216 1063 1277 de
1090 1214 1290 1277 scotia
1320 1216 1641 1297 enaviqavit
1671 1224 1731 1276 et
1759 1218 1888 1295 ipse
1919 1218 2208 1277 Columba
2239 1218 2524 1294 (Adamn.

290 1306 341 1376 1,
396 1306 497 1377 11,
540 1326 601 1382 p.
650 1306 825 1382 202).
914 1306 1079 1382 Ergo
1131 1307 1553 1366 monasterium
1598 1306 1848 1366 Hiiense
1900 1306 2178 1386 primitus
2221 1325 2404 1365 unum
2451 1328 2524 1368 ex

281 1393 355 1454 iis
398 1399 548 1467 erat,
596 1414 747 1471 quae
793 1394 1241 1471 peregrinorum
1272 1396 1628 1455 monasteria
1655 1399 1791 1471 J‘ure
1823 1395 2284 1468 nominarentur,
2329 1416 2522 1471 neque

284 1487 491 1559 postea
550 1482 839 1559 gliscente
890 1483 1237 1543 monasterii
1289 1484 1647 1543 auctoritate
1691 1485 1834 1545 talis
1879 1483 2223 1543 monasterii
2267 1486 2524 1562 speciem

283 1570 523 1629 videtur
564 1570 867 1646 abjecisse.

460 1658 556 1717 En
602 1658 785 1718 habes
830 1660 1009 1719 aliam
1054 1678 1307 1732 causam,
1355 1680 1472 1736 qua
1516 1660 1742 1719 factum
1783 1666 1890 1732 est,
1935 1666 2006 1718 ut
2035 1662 2224 1719 abbas
2253 1660 2522 1719 Hiiensis

281 1748 665 1825 presbyteras
724 1766 845 1807 non
907 1748 1215 1826 episcopus
1268 1768 1397 1808 esse
1442 1748 1676 1807 soleret.
1767 1747 2044 1825 Apparet
2089 1748 2298 1821 etiam,
2345 1769 2524 1825 quam

281 1854 535 1912 pravum
594 1836 673 1895 sit
732 1857 805 1895 ex
862 1836 1221 1897 monasterio
1276 1836 1513 1896 Hiie'nsi
1576 1837 1892 1897 aestimare
1951 1836 2148 1895 omnia
2194 1837 2524 1895 Hiberniae

280 1924 1529 1985 monasteria..
2289 1978 2294 1983 .

458 2012 691 2085 Restat,
736 2020 809 2071 ut
850 2015 1165 2091 proferam,
1214 2033 1365 2090 quae
1410 2014 1602 2090 ipsam
1647 2013 2069 2073 monachorum
2097 2013 2286 2073 vitam
2317 2014 2522 2072 adum·

280 2102 460 2161 brent
489 2136 577 2145 --
606 2122 677 2159 ac
722 2102 961 2183 quidem
993 2102 1349 2175 Hiiensium‚
1394 2120 1530 2161 nam
1578 2103 1650 2161 de
1697 2101 1833 2161 eliis⁴
1867 2101 1951 2160 nil
1987 2107 2233 2175 constat,
2281 2102 2524 2161 dubium

280 2208 425 2249 vero
470 2210 591 2250 non
634 2196 745 2263 est,
794 2192 939 2267 quin
983 2191 1045 2249 in
1090 2190 1167 2251 iis
1204 2190 1535 2249 Hiberniae
1580 2190 1975 2263 monasteriis,
2022 2195 2174 2266 qu‘ae
2220 2190 2412 2249 medio
2461 2192 2524 2249 in

280 2279 503 2355 populo
552 2279 878 2339 constituta
925 2284 1113 2352 erant.
1156 2280 1577 2341 monachorum
1623 2279 1752 2339 vita
1795 2280 2046 2339 diversa.
2073 2278 2257 2337 fuerit
2303 2280 2378 2339 ab
2409 2280 2522 2353 Hif

278 2367 547 2427 iensium.
640 2366 761 2427 Sed
820 2388 952 2427 cum
1014 2368 1087 2427 de
1146 2368 1275 2428 vita
1328 2368 1748 2427 monachorum
1795 2368 2306 2445 peregrinantium
2351 2368 2524 2441 infra,

278 2456 385 2515 ubi
440 2457 513 2514 de
560 2455 853 2517 Columba
897 2457 1263 2517 Luxoviensi
1316 2463 1555 2534 agetur,
1618 2459 1794 2534 plura
1849 2457 1965 2515 dici
2011 2457 2266 2534 possint,
2330 2457 2417 2514 ibi
2464 2463 2524 2516 et

277 2545 589 2604 verbosius
642 2566 767 2606 rem
822 2546 1131 2624 explicabo
1180 2552 1241 2605 et
1285 2545 1549 2604 Ebrardi
1595 2545 1915 2604 erroribus·
1941 2545 2235 2604 diluendis
2277 2553 2522 2622 opjeram

276 2633 462 2707 debe,
524 2635 637 2692 hoc
689 2635 817 2694 loco
871 2635 1091 2712 paucis.
1120 2655 1245 2693 rem
1290 2635 1595 2694 absolvam
1641 2640 1704 2692 et
1749 2655 1819 2692 ea
1865 2635 1990 2692 sola
2037 2634 2520 2704 commemorabO,

274 2743 432 2798 qnae
478 2723 683 2800 aliqua
726 2723 801 2782 de
848 2739 1025 2782 causa
1068 2721 1386 2800 conspicua
1432 2743 1557 2782 esse
1604 2721 1936 2784 videntur.1
1985 2721 2278 2784 ,Primum
2321 2726 2523 2781 autem

278 2811 835 2870 commemoratione
881 2812 1125 2890 dignum
1172 2817 1279 2884 est,
1326 2811 1487 2887 quod
1530 2811 1601 2884 ii,
1660 2811 1766 2888 qui
1809 2811 2228 2870 monachorum
2273 2810 2522 2887 collegio

278 2901 559 2962 accedere
606 2901 957 2978 cupiebant,
1020 2919 1143 2960 non
1190 2901 1515 2978 praemisso
1563 2920 1720 2961 anno
1764 2899 2136 2977 probationis
2181 2899 2386 2960 statim
2433 2919 2522 2956 re-

278 2988 673 3066 cipiebantur,
718 2989 1081 3066 simulatque
1111 2989 1174 3048 in
1204 2989 1449 3048 ecclesia
1461 2986 1646 3069 flavis
1671 2987 1908 3068 qenibus
1937 2995 2132 3046 votum
2162 2983 2524 3046 monachiale

276 3086 553 3136 voverant
606 3076 890 3152 (Adamn.
946 3079 1052 3138 vit.
1108 3077 1235 3136 001.
1287 3078 1341 3149 1,
1400 3079 1513 3150 27,
1566 3098 1626 3154 p.
1684 3077 1908 3151 207).
1949 3075 2136 3150 Cujus
2188 3075 2317 3135 voti
2371 3094 2523 3152 quae

274 3166 460 3226 fuerit
505 3165 614 3238 vie,
662 3166 765 3224 vix
810 3167 1101 3243 cognosci
1128 3170 1347 3244 potest.
1421 3165 1575 3226 Nam
1621 3184 1755 3224 cum
1787 3131 1992 3224 liceret
2023 3163 2324 3222 monachis
2353 3171 2522 3240 pere·

276 3255 657 3332 grinantibus
726 3274 947 3331 paucos
1015 3260 1251 3314 tantum
1318 3274 1547 3313 menses
1615 3253 1964 3313 commorari
2031 3251 2096 3314 in
2163 3250 2522 3310 monasterio

278 3343 563 3418 (Adamn.
612 3343 719 3403 vit.
768 3342 895 3402 001.
949 3346 1003 3417 l,
1050 3345 1155 3416 87,
1202 3365 1259 3422 p.
1308 3344 1464 3420 229)
1512 3347 1573 3401 et
1615 3342 1765 3420 ipsis
1807 3341 1882 3402 iis
1927 3341 2256 3413 monachis,
2311 3339 2416 3416 qui
2461 3339 2524 3398 in

272 3431 639 3491 monasterio
688 3431 925 3490 educati
972 3437 1157 3505 erant,
1192 3429 1561 3512 permittente
1601 3428 1806 3490 abbate
1851 3430 1956 3505 (ib.
2013 3431 2064 3502 1,
2117 3431 2215 3502 10,
2262 3451 2320 3507 p.
2370 3429 2524 3505 202)

274 3520 653 3598 peregrinari
695 3521 759 3581 in
804 3521 952 3581 alias
996 3520 1296 3598 regiones,
1344 3525 1502 3580 certe
1548 3539 1658 3599 per
1700 3519 1972 3578 fraudem
2017 3517 2150 3578 fieri
2192 3519 2410 3597 potuit,
2457 3522 2526 3577 ut

275 3608 498 3683 aliquis
528 3629 600 3667 ex
628 3609 931 3668 monachis
970 3617 1377 3684 „reverteretur
1406 3607 1492 3668 ad
1520 3605 1850 3668 eaemdum“
1891 3608 1996 3684 (ib.
2033 3609 2088 3681 1,
2123 3609 2224 3680 20,
2257 3629 2316 3685 p.
2352 3607 2524 3684 205).

272 3697 519 3758 Nemini
574 3717 715 3757 vero
775 3698 995 3757 licebat
1040 3697 1342 3758 discedere
1386 3697 1577 3756 invito
1623 3697 1861 3762 abbate.
1951 3696 2152 3772 Hujus
2199 3697 2523 3757 auctoritas

275 3786 441 3863 apud
484 3786 771 3846 familiam
818 3805 986 3846 suam
1032 3787 1071 3844 i.
1114 3807 1163 3844 e.
1211 3786 1370 3864 apud
1414 3785 1731 3844 monachos
1779 3804 1932 3857 suos,
1979 3805 2125 3860 quos
2170 3785 2384 3844 fratres
2431 3785 2523 3844 vel

274 3873 430 3932 filios
485 3875 581 3933 vel
636 3874 849 3936 filiolos
896 3876 1242 3952 appellabat
1288 3871 1594 3955 (nfamilia
1641 3869 1990 3934 Columbae⁴⁴
2047 3873 2277 3934 Tirech.
2323 3877 2521 3932 annot.

280 4083 285 4091 .
426 4049 447 4079 ²
488 4047 711 4102 Tacebo
752 4047 823 4100 de
860 4047 1057 4114 regula
1097 4046 1403 4101 Columbae
1440 4044 1736 4100 hibernico
1775 4053 2033 4106 sermone
2069 4017 2390 4111 conscripta
2417 4042 2516 4110 (H.

276 4119 391 4172 and
430 4117 513 4175 St.
554 4118 639 4184 II,
682 4119 711 4171 1
752 4136 807 4186 p.
848 4119 997 4186 119),
1039 4135 1207 4186 quam
1244 4134 1426 4186 neque
1466 4135 1499 4170 a
1538 4115 1815 4168 Columba
1853 4115 2124 4182 scriptam
2163 4129 2282 4167 esse
2319 4129 2518 4182 neque,

279 4191 497 4258 quippe
535 4206 679 4258 quae
720 4190 790 4242 de
829 4189 949 4242 vita
975 4189 1337 4241 eremitarum
1364 4191 1510 4258 agat,
1550 4187 1625 4239 ad
1652 4186 2095 4240 adumbrandam
2121 4185 2525 4238 monachorum

278 4261 459 4314 vitam
498 4261 801 4329 quicquam
836 4259 1109 4314 momenti
1150 4258 1367 4323 afferre,
1408 4257 1770 4314 manifestum
1808 4261 1895 4310 est
1935 4255 2030 4324 (cf.
2059 4255 2136 4308 H.
2179 4256 2288 4308 and
2327 4254 2411 4308 St.
2440 4254 2519 4320 ΙΙ,

278 4331 307 4383 1
348 4349 404 4399 p.
448 4331 549 4384 121
588 4336 707 4386 not.
746 4333 822 4399 a).
