3167 4900
1458 192 1945 251 —116—

581 372 745 443 dass,
808 390 989 449 supra
1040 372 1171 445 jam
1214 368 1489 427 diximus.
1578 368 1658 427 In
1715 369 1829 428 hoc
1889 368 2176 428 simillimi
2236 374 2432 442 erant,
2495 369 2600 429 sed
2664 370 2833 429 varia

580 459 813 519 ratione
880 465 1133 535 uterque
1196 457 1575 536 disciplinam
1645 458 1958 517 emendare
2027 456 2260 517 studuit
2328 458 2428 534 (cf.
2495 458 2832 535 Harttung,

581 570 641 628 p.
700 550 782 606 27
844 553 967 607 not.
1026 549 1112 625 2).
1200 546 1357 607 Nam
1419 547 1712 607 Columba
1771 554 1837 607 et
1896 545 2039 605 socii
2100 547 2256 621 ejus,
2328 547 2552 625 quippe
2613 546 2832 623 quibus

582 658 785 697 amara
830 636 1011 695 fuerit
1055 636 1201 695 haec
1230 635 1360 696 vita
1391 637 1489 711 (cf.
1521 654 1702 713 supra
1731 655 1789 713 p.
1828 636 1951 694 105
1995 641 2056 695 et
2093 636 2262 711 113),
2297 635 2576 695 ecclesiae
2607 641 2831 699 statum

584 725 879 803 corrigere
948 730 1010 784 et
1077 724 1393 783 emendare
1459 724 1814 797 studebant,
1879 744 2013 783 cum
2075 724 2152 783 ad
2213 724 2674 783 contemnendas
2735 744 2832 783 res

584 816 869 874 humanas
912 813 1181 873 homines
1226 813 1595 885 invitabant,
1644 813 1964 874 monachos
2009 813 2423 885 tonsurabant,
2469 813 2831 873 monasteria

585 904 1025 974 construebant,
1072 922 1210 975 non,
1256 909 1327 960 ut
1372 903 1658 981 populum
1687 902 1752 959 in
1780 902 1858 963 iis
1888 902 2212 973 erudirent,
2257 901 2364 961 sed
2393 908 2464 961 ut
2493 902 2830 979 perfugium

583 994 943 1071 praeberent
1002 990 1079 1049 iis
1094 1034 1109 1064 ,
1181 992 1285 1068 qui
1355 1012 1431 1049 ex
1489 990 1796 1069 pestilenti
1859 992 2038 1067 hujus
2107 990 2314 1049 mundi
2361 994 2496 1051 aere
2557 990 2830 1050 secedere

584 1082 925 1160 cupiebant.
991 1078 1331 1139 Bonifatius
1378 1087 1577 1139 autem
1623 1100 1757 1139 cum
1803 1080 2124 1139 monachus
2169 1085 2300 1139 erat
2344 1085 2474 1138 tum
2521 1079 2832 1157 episcopus

584 1176 655 1229 et
677 1168 1171 1247 archiepiscopus.
1233 1169 1463 1245 anue.
1490 1169 1565 1227 de
1611 1188 1788 1228 causa
1834 1169 2066 1228 duabus
2111 1169 2308 1241 rebus,
2354 1174 2418 1228 et
2461 1167 2832 1227 instituenda

583 1257 711 1318 vita
756 1257 1101 1317 monachica
1146 1278 1217 1317 ac
1262 1257 1503 1335 quidem
1558 1257 1880 1317 secundum
1935 1257 2204 1334 regulam
2247 1255 2362 1316 Sti.
2406 1256 2722 1315 Benedicti
2769 1262 2832 1315 et

584 1346 947 1405 hierarchice
994 1351 1159 1405 statu
1206 1348 1355 1405 bene
1402 1347 1806 1424 componendo
1854 1345 2160 1405 ecclesiam
2191 1345 2487 1422 corrigere
2531 1348 2592 1404 et
2637 1362 2830 1405 emen·

584 1435 727 1494 dare
774 1435 1029 1506 studuit;
1076 1441 1139 1493 et
1179 1434 1309 1512 ipse
1356 1434 1716 1494 monasteria
1746 1434 2129 1505 constituens,
2177 1433 2492 1493 seminaria
2539 1432 2832 1493 educandi

583 1523 818 1603 populi,
880 1524 983 1583 sed
1041 1523 1197 1581 idem
1260 1522 1571 1601 episcopos
1633 1543 1982 1585 consecrans
2028 1529 2094 1583 et
2133 1523 2200 1581 in
2245 1522 2559 1600 parochias
2606 1521 2830 1599 episco-

582 1613 749 1689 pales
793 1612 1079 1689 populum
1126 1612 1509 1671 distribuens.
1601 1611 1820 1690 Itaque
1881 1630 2014 1671 cum
2069 1617 2132 1671 et
2191 1609 2494 1671 monacbis
2549 1617 2610 1669 et
2663 1610 2832 1669 laicis

588 1720 793 1759 curam
840 1700 1169 1774 adhiberet,
1216 1721 1337 1759 non
1382 1702 1573 1759 solum
1605 1701 1766 1761 vitae
1811 1700 2206 1772 monachicae,
2253 1700 2358 1759 sod
2403 1698 2684 1759 ecclesiae
2729 1718 2830 1757 ex-

584 1789 745 1851 stitit
790 1795 1107 1850 corrector.

766 1876 1033 1951 Quarum
1076 1878 1379 1937 rationum
1422 1883 1562 1937 utra
1607 1878 1818 1937 melior
1863 1877 2046 1937 fuerit
2060 1921 2075 1949 ,
2123 1876 2320 1937 exitus
2366 1875 2585 1936 docuit.
2675 1875 2834 1935 Nam

586 1965 755 2026 brevi
801 1972 1067 2044 tempore
1114 1967 1337 2026 factum
1382 1974 1501 2039 est,
1562 1972 1634 2025 ut
1677 1966 1868 2040 Scoti,
1917 1966 2024 2043 qui
2069 1965 2397 2041 Columbae⁴
2440 1964 2696 2042 vestigia
2741 1982 2832 2025 se·

588 2061 837 2132 quentes
896 2054 959 2113 in
1020 2055 1422 2115 continentem
1480 2055 1830 2128 veniebant,
1892 2056 2084 2115 bonae
2143 2054 2455 2116 eeclesiae.
2489 2052 2835 2131 disciplinae

588 2164 707 2203 non
752 2144 1016 2221 paullum
1061 2143 1314 2221 periculi
1360 2143 1628 2216 afferent,
1676 2144 1855 2220 idque
1903 2164 1974 2203 ea
2019 2144 2150 2222 ipsa
2196 2142 2270 2201 de
2317 2162 2514 2215 causa,
2559 2141 2718 2217 quod
2764 2149 2834 2201 ut

587 2231 887 2309 peregrini
932 2230 1057 2290 sive
1102 2231 1169 2290 in
1212 2232 1463 2292 desertis
1508 2233 1783 2292 sedentes
1829 2232 1954 2292 sive
1983 2238 2208 2293 terram
2254 2236 2641 2309 peragrantes
2689 2229 2833 2306 legi·

588 2319 753 2379 timis
798 2319 1250 2379 necessitudinis
1296 2321 1548 2381 vinculis
1611 2341 1745 2379 cum
1805 2320 2052 2380 ecclesia
2109 2319 2414 2396 conjuncti
2466 2338 2587 2379 non
2641 2324 2836 2390 erant,

590 2407 973 2469 nihilominus
1018 2415 1219 2469 autem
1264 2409 1595 2472 ministeria
1651 2408 2050 2472 ecelesiastica
2101 2428 2527 2487 nonnunquam
2582 2406 2832 2468 admini-

587 2497 880 2558 strabant.
1054 2503 1059 2508 “
1550 2541 1555 2550 .

766 2586 947 2646 Multi
1008 2587 1165 2646 enim
1225 2588 1447 2648 saeculi
1493 2587 1660 2647 VIII
1705 2593 1768 2647 et
1809 2587 1914 2646 IX
1971 2587 2342 2665 temporibus
2401 2587 2470 2648 in
2514 2585 2714 2648 Gallia
2775 2592 2839 2648 et

590 2673 914 2734 Germania
960 2681 1281 2736 occurrunt
1310 2674 1477 2736 Scoti
1504 2676 1987 2754 peregrinantes,
2017 2675 2124 2752 qui
2155 2676 2566 2755 episcoporum
2597 2674 2838 2735 nomine

586 2764 1064 2842 appellabantur.
1126 2765 1409 2838 Quorum,
1456 2765 1727 2840 quamvis
1773 2765 1951 2824 liceat
1993 2771 2207 2842 putare
2253 2766 2570 2826 nonnullos
2611 2765 2836 2843 episco-

588 2853 785 2929 palem
832 2851 1185 2928 dig-nitatem
1231 2860 1473 2931 praeter
1510 2857 1611 2928 jus
1641 2874 1976 2932 usurpasse,
2022 2859 2226 2914 tamen
2271 2855 2556 2928 majorem
2601 2859 2838 2930 partem

590 2961 655 3000 re
714 2961 859 3000 vera
918 2940 1227 3019 episcopos
1286 2941 1469 3000 fuisse
1529 2941 1822 3002 existimo.
1925 2943 2081 3004 Nam
2149 2961 2332 3020 supra
2389 2944 2474 3020 (p.
2543 2944 2656 3018 64)
2707 2945 2836 3017 jam

590 3029 847 3088 vidimus
892 3050 1335 3107 nonnumquam
1382 3031 1541 3108 apud
1579 3030 1792 3090 vScotos
1837 3030 2260 3110 peregrinandi
2304 3051 2480 3091 causa
2493 3058 2507 3072 ·
2525 3031 2837 3109 episcopos

590 3138 627 3176 a
673 3119 929 3194 negotiis
975 3119 1409 3195 episcopalibus
1454 3141 1581 3178 sese
1627 3121 1966 3180 removisse.

771 3206 892 3279 Qui
936 3207 1201 3285 episcopi
1262 3209 1315 3266 si
1358 3208 1421 3265 in
1468 3208 1670 3266 Gallia
1731 3208 2168 3286 episcopalibus
2229 3208 2470 3268 sedibus
2528 3208 2836 3285 praesules

591 3294 739 3353 facti
784 3302 997 3367 essent,
1044 3296 1475 3357 ecclesiasticae
1520 3296 1870 3374 disciplinae
1916 3295 2002 3354 nil
2045 3297 2250 3358 damni
2279 3297 2638 3358 attulissent.
2715 3295 2838 3356 Sed

594 3382 908 3459 quominus
953 3384 1065 3442 hoc
1107 3384 1307 3458 fieret,
1354 3405 1425 3444 ea
1476 3385 1612 3464 ipsa
1663 3395 1759 3444 'res
1803 3385 2140 3462 impedivit,
2201 3386 2360 3464 quod
2417 3383 2838 3464 peregrinandi

594 3489 787 3543 causa,
819 3477 888 3529 ut
918 3473 1263 3532 recederent
1294 3494 1325 3532 e
1354 3465 1594 3545 mundo,
1625 3474 1882 3550 patriam
1905 3473 2303 3550 reliquerant3
2333 3493 2526 3550 neque
2549 3471 2838 3550 exemplis

591 3558 788 3618 adhuc
834 3563 1283 3638 comprobatum
1330 3568 1422 3620 est
1476 3582 1739 3637 unquam
1793 3562 1944 3620 illud
1991 3582 2116 3622 esse
2161 3565 2403 3622 factum.
2463 3562 2618 3624 Nam
2649 3561 2836 3620 Hart-

594 3648 840 3724 tungius
886 3670 1017 3708 cum
1062 3650 1279 3708 multos
1332 3648 1397 3707 in
1444 3649 1648 3708 Gallia
1691 3650 2060 3728 parochiales
2114 3653 2442 3730 episcopos·
2475 3651 2552 3710 de
2595 3649 2835 3709 natione

594 3735 913 3798 Scotorum
958 3739 1139 3796 fuisse
1186 3737 1444 3798 affirmat
1488 3741 1570 3816 (p.
1619 3741 1700 3797 32
1749 3743 1899 3817 not.)
1946 3740 2064 3800 alio
2109 3748 2358 3804 auctore
2403 3739 2518 3800 nisi
2563 3737 2832 3804 Ebrardo

595 3846 717 3885 non
777 3827 995 3898 utitur,
1058 3826 1160 3885 sed
1205 3821 1316 3886 ¹ille
1380 3849 1448 3887 eo
1508 3830 1664 3900 loce,
1729 3830 1805 3887 ad
1866 3849 2040 3905 quem
2087 3829 2490 3906 Harttungius
2550 3832 2838 3904 provocat

626 3943 709 3966 π
756 3915 979 3974 Irosch.
1026 3915 1531 3990 Missionskirche,
1598 3938 1654 3994 p.
1709 3917 1833 3975 175
1891 3920 2005 3994 sq.)
2065 3917 2344 3977 Culdeos.
2382 3917 2512 3976 vult
2568 3915 2839 3992 intellegi

596 4022 723 4075 eos,
788 4004 892 4080 qui
954 4004 1079 4064 sive
1124 4004 1289 4064 Galli
1349 4006 1488 4065 sive-
1535 4003 1702 4064 Scoti
1772 4012 1944 4065 erant
2003 4005 2362 4065 Culdeorum
2433 4004 2714 4064 ecclesiae
2775 4004 2842 4062 in

596 4091 882 4151 societate
940 4093 1112 4152 'erant
1160 4095 1257 4168 (cf.
1303 4093 1569 4174 Ebrard,
1628 4114 1686 4171 p.
1741 4095 1850 4167 18,
1895 4099 2016 4156 not.
2069 4095 2150 4152 18
2199 4101 2260 4152 et
2303 4115 2362 4170 p.
2412 4092 2586 4169 285),
2648 4111 2840 4168 neque
2954 4094 2962 4110 “

598 4180 725 4256 ipse
772 4201 996 4254 omnes,
1062 4201 1209 4258 quos
1270 4182 1565 4255 nominat,
1629 4182 1870 4242 natione
1919 4182 2126 4243 Gallos
2181 4181 2360 4241 fuisse
2422 4179 2645 4240 infitias
2702 4181 2840 4238 iret.

594 4268 1029 4328 Mummolexius
1076 4290 1327 4346 quoque,
1359 4270 1771 4331 Noviomensis
1819 4271 1888 4347 (†
1923 4273 2094 4348 664),
2141 4290 2317 4347 quem
2348 4268 2570 4352 oriqine
2599 4265 2843 4328 Scotum
