3167 4900
1502 249 1940 314 -32...

605 434 805 506 libros,
854 453 1001 508 quos
1045 431 1432 491 libentissime
1478 433 1749 509 legissem
1783 431 2055 508 inprimis
2078 430 2297 489 Toddii
2329 431 2401 489 de
2434 429 2559 490 vita
2590 429 2841 490 Patricii

605 523 824 580 librum
886 523 982 598 (cf.
1029 541 1209 599 supra
1255 543 1312 600 p.
1362 522 1428 598 4)
1491 521 1742 598 adipisci
1794 519 2114 596 potuerim,
2176 519 2365 579 audeo
2422 539 2685 596 sperare,
2749 540 2842 578 me

605 631 776 689 posse
823 611 899 669 ab
947 610 1244 669 erroribus
1291 609 1436 668 mihi
1482 631 1705 682 cavere,
1754 616 1815 668 et
1859 610 1985 668 fore
2015 616 2085 666 ut
2116 609 2295 668 etiam
2327 608 2400 666 iis
2430 609 2635 686 paucis
2666 609 2844 686 plane

605 700 980 772 satisfaciam,
1028 699 1132 774 qui
1177 719 1283 756 sua
1329 692 1593 775 ipsorum
1615 715 1619 720 ·
1639 717 1821 776 opera
1850 718 1975 756 rem
2004 697 2273 756 funditus
2303 702 2841 774 pertractaverunt.

605 788 966 860 DummodO,
1023 808 1174 864 quae
1220 787 1593 864 potissimum
1640 787 1783 846 mihi
1830 787 2111 845 videntur
2156 807 2281 845 esse
2328 785 2721 859 observanda,
2769 806 2843 844 ne

607 876 844 935 omnino
889 897 1044 935 vana
1090 876 1225 948 sint,
1273 876 1587 935 dummodo
1635 875 1992 936 satisfaciam
2025 875 2331 952 proposito
2365 893 2511 947 mec,
2559 881 2644 948 ut,
2692 895 2845 950 quae

606 966 786 1023 fuerit
831 965 1112 1024 ecclesiae
1159 965 1789 1026 Hiberno-Scotorum
1837 970 2071 1036 natura,
2117 963 2485 1040 investigem.

784 1053 1028 1113 Omissis
1075 1053 1262 1130 igitur
1305 1055 1597 1129 omnibus,
1645 1074 1795 1130 quae
1840 1053 1991 1112 scire
2039 1059 2239 1112 nostra
2285 1052 2380 1111 hic
2426 1072 2543 1110 non
2576 1052 2842 1124 interest,

607 1142 668 1201 id
713 1143 899 1202 solum
939 1163 1308 1218 quaeramus,
1355 1150 1555 1202 utrum
1590 1163 1719 1202 cum
1750 1141 2029 1218 pontifice
2062 1141 2331 1200 Romano
2364 1140 2628 1200 Patricio
2661 1141 2846 1198 fuerit

605 1232 998 1304 necessitudo,
1055 1251 1256 1290 necne.
1348 1231 1539 1303 Quam
1586 1253 1709 1290 rem
1756 1238 1824 1289 ut
1868 1229 2195 1304 dijudicare
2240 1229 2558 1307 possimne,
2605 1229 2841 1307 profici-

605 1326 833 1380 scentes
881 1343 916 1379 a
960 1321 1354 1397 posteriorum
1400 1327 1733 1398 temporum
1778 1319 2135 1379 testimoniis
2168 1318 2243 1377 ad
2275 1318 2602 1377 vetustiora
2644 1339 2843 1378 ascen-

603 1408 826 1468 damus.
902 1409 1116 1485 Itaque
1163 1410 1421 1486 primum
1468 1410 1540 1467 de
1588 1409 1729 1468 vitis
1760 1407 2012 1468 Patricii
2059 1407 2371 1466 dicendum
2414 1414 2518 1466 est.
2598 1407 2692 1464 Ex
2722 1427 2843 1464 om-

603 1498 804 1570 nibus,
864 1502 1156 1575 quotquot
1208 1518 1470 1574 unquam
1525 1499 1766 1556 fuerunt
1811 1533 1897 1540 —
1942 1497 2253 1573 sexaginta
2313 1515 2415 1553 sex
2474 1496 2547 1552 de
2592 1495 2845 1554 Patricii

603 1585 788 1662 gestis
846 1586 1078 1645 libellos
1139 1587 1460 1660 exstitisse,
1523 1593 1845 1663 antequam
1890 1585 2222 1651 Normanni
2265 1584 2623 1642 Hiberniam
2684 1585 2842 1642 ferro

603 1675 846 1750 ignique
893 1668 1291 1749 devastarent,
1338 1675 1605 1754 prodidit
1634 1676 1681 1734 J
1682 1675 1940 1733 ocelinus
1986 1674 2093 1733 vit.
2124 1673 2289 1732 Patr.
2339 1693 2385 1730 c.
2427 1673 2505 1730 18
2553 1692 2661 1730 nro
2716 1673 2840 1730 163

604 1761 770 1839 (Act.
816 1762 922 1824 88.
971 1764 1123 1822 Boll.
1171 1765 1345 1824 Mart.
1399 1767 1476 1823 17
1527 1785 1583 1841 p.
1635 1761 1789 1840 578)
1838 1797 1921 1808 --
1970 1763 2079 1820 hae
2126 1768 2388 1821 exstant:

655 1853 705 1909 1.
741 1852 907 1924 Quae
954 1853 1016 1912 in
1060 1853 1212 1912 libro
1247 1853 1664 1912 Ardmachano
1712 1857 1950 1912 exstant
1995 1851 2155 1910 vitae
2202 1851 2459 1908 omnium
2502 1849 2842 1925 antiquissi-

735 1961 890 2015 mae,
950 1961 1088 2000 nam
1147 1943 1299 2000 liber
1342 1941 1798 2002 Ardmachanus
1853 1938 2410 2016 (Trinity·College
2456 1939 2701 1997 Dublin.
2751 1939 2842 1996 ed.

737 2029 836 2088 Sir
867 2030 962 2089 W.
996 2031 1267 2104 Betham,
1298 2031 1459 2089 Irish
1491 2029 1871 2109 antiquarian
1903 2028 2238 2088 researches
2270 2027 2355 2086 II.
2410 2029 2623 2103 1827),
2666 2047 2842 2103 quem

739 2117 1066 2178 Schoellius
1113 2120 1274 2195 (diss.
1321 2141 1380 2198 p.
1416 2121 1524 2195 63)
1570 2118 1827 2196 putabat
1870 2115 2203 2178 inchoatum
2246 2136 2363 2176 esse
2401 2113 2507 2175 sub
2535 2111 2605 2174 X
2630 2113 2847 2175 saec-ndi

715 2205 925 2288 finem,
978 2203 1128 2266 XII
1169 2216 1361 2268 autem
1383 2207 1647 2292 finitum,
1696 2228 1849 2266 anno
1898 2207 2134 2265 circiter
2180 2207 2307 2264 807
2358 2210 2665 2264 exaratum
2714 2225 2841 2264 esse

739 2316 894 2354 nunc
925 2296 1165 2354 tandem
1199 2297 1358 2356 docti
1390 2297 1507 2356 viri
1537 2296 1915 2356 consentiunt
1946 2296 2041 2370 (cf.
2069 2293 2263 2354 Skene
2286 2295 2371 2366 ΙΙ,
2402 2315 2459 2371 p.
2491 2294 2569 2351 14
2596 2299 2657 2352 et
2682 2294 2839 2367 423;

739 2384 994 2442 Warren
1040 2406 1096 2464 p.
1145 2385 1322 2445 XIV.
1399 2386 1479 2444 H.
1527 2384 1644 2443 and
1692 2383 1795 2444 St.
1828 2384 1915 2458 ΙΙ,
1964 2386 2001 2441 2
2049 2404 2107 2460 p.
2157 2385 2281 2441 296
2332 2386 2480 2460 not).

651 2475 708 2531 2.
741 2473 889 2533 Vita
933 2475 1228 2534 attributa
1257 2476 1458 2535 Marco
1507 2475 1899 2533 anachoretae
1945 2493 2092 2532 saec.
2139 2472 2255 2546 IX,
2304 2472 2511 2531 addita
2557 2472 2839 2531 historiae

735 2562 1074 2637 Britonum,
1115 2584 1268 2640 quae
1297 2585 1610 2642 perperam
1642 2563 1877 2636 dicitur,
1908 2561 2129 2622 Nennii
2162 2561 2251 2621 ed.
2284 2560 2612 2621 Stevenson
2650 2561 2839 2632 1838,

736 2652 770 2728 ξ
821 2650 1080 2709 50-55
1129 2654 1228 2729 (cf.
1275 2652 1470 2712 Skene
1516 2652 1605 2726 ΙΙ,
1651 2675 1709 2731 p.
1757 2652 1930 2728 433).

785 2740 953 2797 3—-9
1004 2740 1164 2799 vitae
1219 2742 1382 2814 illae,
1443 2762 1591 2818 quas
1637 2742 1861 2819 primus
1919 2738 2109 2798 edidit
2155 2736 2453 2815 Colganus
2500 2736 2685 2814 (Acta
2730 2735 2837 2797 88.

603 2827 934 2887 Hiberniae
958 2830 1072 2887 vol.
1096 2829 1147 2902 I,
1182 2829 1354 2889 Trias
1381 2829 1829 2906 Thaumaturga
1858 2828 2025 2887 1645
2047 2828 2090 2902 1,
2122 2829 2320 2905 vulgo,
2353 2827 2493 2903 quia
2524 2827 2837 2885 maximam

601 2916 664 2974 in
725 2923 960 2995 partem
1019 2918 1146 2977 sine
1206 2918 1543 2979 nominibus
1600 2918 1858 2995 scriptae
1905 2923 2065 2990 sunt,
2128 2917 2465 2976 nominatae
2514 2936 2585 2973 ex
2631 2915 2839 2973 ordine

601 3005 720 3079 illo,
768 3025 885 3081 quo
932 3000 1232 3083 Cdlganus
1279 3028 1378 3067 eas
1425 3007 1681 3067 edendas
1729 3006 1985 3065 curavit:

651 3095 706 3152 3.
741 3094 885 3154 Vita
917 3095 1081 3172 Colg.
1113 3096 1173 3154 I:
1221 3097 1512 3173 Hymnus,
1558 3096 1661 3172 qui
1708 3096 1927 3155 dicitur
1956 3093 2123 3152 Fieci
2154 3095 2337 3171 (apud
2369 3093 2447 3150 H.
2482 3093 2598 3151 and
2632 3091 2719 3151 St.
2750 3091 2837 3164 H,

739 3185 774 3240 2
822 3205 880 3261 p.
927 3184 1051 3242 356
1102 3206 1228 3262 sqq.
1277 3192 1337 3245 et
1368 3185 1693 3244 Hibernico
1740 3204 2006 3243 sermone
2055 3188 2115 3241 et
2168 3202 2483 3241 conversus
2528 3181 2592 3238 in
2622 3179 2835 3257 Angli-

737 3293 945 3331 canum
991 3274 1410 3351 transscriptus
1443 3295 1514 3331 ex
1554 3272 1788 3347 Stokes,
1834 3271 2158 3331 Goidelica.
2211 3268 2377 3330 1874
2426 3293 2483 3349 Ρ.
2515 3270 2645 3351 ,129
2679 3289 2835 3346 sqq.;

734 3362 963 3419 hibern.
1009 3362 1170 3439 apud
1200 3362 1526 3435 Windisch,
1574 3361 1800 3421 Irische
1834 3361 2037 3419 Texte.
2091 3360 2257 3417 1880
2307 3380 2363 3436 Ρ.
2403 3360 2481 3416 10
2514 3361 2669 3435 sqq.)
2702 3378 2835 3417 cum

737 3450 968 3508 scholiis
1023 3452 1234 3509 veteris
1283 3451 1584 3527 cujusdam
1633 3449 2009 3529 explicatoris
2057 3449 2231 3524 (saec.
2278 3448 2377 3505 XI
2425 3455 2493 3507 ut
2543 3448 2835 3525 putatur).

734 3538 828 3595 De
874 3538 983 3595 hoc
1031 3540 1286 3599 carmine
1331 3540 1488 3598 infra
1533 3540 1723 3618 plura.

649 3626 706 3683 4.
738 3626 885 3727 Vita
931 3626 1098 3705 Oolg.
1143 3628 1212 3685 II
1257 3628 1564 3796 }utraque
1624 3629 1783 3686 intra
1828 3647 2046 3685 annum
2093 3626 2218 3683 807
2272 3632 2332 3685 et
2378 3625 2614 3685 circiter
2666 3623 2833 3682 1000

651 3715 707 3773 5.
739 3714 884 3774 V1ta
931 3714 1096 3795 Oolg.
1142 3717 1238 3777 IV
1311 3722 1647 3795 conscripta
1690 3715 1914 3792 (Skene
1960 3714 2046 3787 II,
2093 3735 2151 3792 p.
2198 3715 2371 3791 449).

748 3999 766 4029 ¹
807 3998 988 4066 Quem
1023 3999 1247 4063 librum,
1289 4016 1416 4051 cum
1453 3996 1637 4065 ipsum
1673 3995 1912 4065 adipisci
1948 4012 2060 4049 non
2096 3994 2379 4063 potuerim
2404 4025 2473 4033 —-
2500 3994 2660 4047 deest
2686 3994 2837 4047 enim

603 4070 774 4123 etiam
822 4070 882 4122 in
934 4070 1284 4123 bibliotheca
1334 4069 1491 4139 regia
1529 4066 1888 4121 Berolinensi
1926 4096 1993 4107 --
2033 4066 2221 4119 omnia
2271 4082 2414 4133 quae
2462 4066 2533 4119 de
2580 4066 2648 4118 iis
2686 4064 2835 4126 vitis,

603 4158 744 4209 quae
785 4140 936 4208 apud
975 4141 1153 4194 solum
1179 4139 1490 4221 Oolganum
1530 4141 1770 4201 exstant,
1812 4138 1956 4191 scitu
1995 4155 2132 4205 opus
2160 4140 2335 4199 erant,
2378 4140 2650 4203 quantum
2674 4136 2839 4202 potui

603 4230 670 4265 ex
708 4229 902 4266 eorum
937 4211 1126 4276 libris,
1181 4210 1277 4279 qui
1313 4211 1439 4277 ipso
1481 4209 1731 4277 Oolgano
1770 4210 1856 4262 usi
1895 4212 2050 4272 sunt,
2104 4208 2337 4261 contuli.
2414 4206 2530 4259 Sed
2568 4224 2719 4271 cum,
2774 4212 2839 4259 ut

602 4284 724 4350 ipse
761 4284 946 4337 lector
983 4251 1218 4346 videbit,
1261 4296 1451 4333 earum
1491 4281 1738 4333 vitarum
1776 4280 2083 4334 auctoritas
2121 4295 2301 4345 paene
2340 4278 2498 4331 nulla
2534 4278 2625 4343 sit,
2666 4294 2837 4345 spero

599 4353 738 4417 fore,
780 4357 843 4406 ut
880 4354 984 4406 hoc
1023 4352 1160 4405 mihi
1200 4351 1338 4405 vitio
1377 4367 1489 4403 non
1529 4355 1799 4404 vertatur.
