3167 4900
1474 228 1912 285 ..76-

572 405 684 465 hoc
738 406 867 465 loco
921 406 1150 483 pariter
1193 405 1529 482 respuenda
1572 403 1652 463 sit
1697 409 1880 479 atque
1925 422 2134 481 supra,
2195 402 2300 462 ubi
2343 402 2418 462 de
2463 401 2824 463 Britonibus

574 496 867 571 agebatur
911 495 1009 569 (cf.
1056 514 1114 571 p.
1164 494 1245 551 25
1294 495 1427 569 sq.).
1502 494 1658 553 Nam
1703 492 1816 551 hoc
1861 510 2096 568 quoque
2143 493 2271 550 loco
2315 491 2662 551 testimonia
2693 512 2822 551 sae-

570 583 705 641 culo
750 582 1061 643 undecimo
1108 582 1310 660 priora
1356 602 1476 641 non
1522 588 1787 653 exstant,
1847 580 1964 639 nisi
2007 581 2167 639 forte
2209 586 2516 657 putamus,
2561 600 2822 645 ‚canones

570 671 932 730 Hibernicos
976 671 1319 731 testimonio
1366 690 1491 729 esse
1535 690 1726 747 posse.
1801 668 2022 728 Exstat
2065 669 2317 727 enimin
2346 668 2678 728 Hibernica
2715 669 2822 727 illa

572 761 677 834 (cf.
707 779 889 837 supra
920 781 979 838 p.
1008 761 1119 836 39)
1150 776 1441 819 canonum
1472 758 1834 830 collectione,
1867 777 2020 834 quae
2049 757 2114 817 in
2143 758 2274 834 ipsa
2295 757 2822 832 Nordanhymbria

570 848 796 925 scripta
842 868 969 907 esse
1012 848 1160 907 mihi
1200 847 1495 919 videtur¹‚
1544 847 1868 923 capitulum
1914 846 2042 920 (lib.
2072 845 2124 919 Ι,
2171 846 2229 918 5,
2275 845 2820 918 Wasserschleben,

568 936 655 996 Ir.
703 936 849 996 Can.
897 958 954 1013 p.
1005 937 1070 1012 5)
1138 935 1251 1009 „de
1292 954 1387 1007 6ο,
1448 934 1609 1017 quod
1659 954 1777 994 non
1821 955 1972 993 unus
2013 954 2198 995 umam
2241 932 2530 994 ardena&
2621 934 2820 1011 Atqui

572 1045 645 1084 ex
690 1025 993 1085 veteribus
1038 1025 1425 1102 scriptoribus
1470 1024 1794 1101 repetitum
1841 1028 1934 1082 est
1971 1024 2068 1098 (cf.
2100 1022 2624 1083 Wasserschleben
2653 1024 2694 1083 1.
2727 1026 2820 1098 c.,)

569 1114 779 1189 itaque
838 1134 912 1172 ex
955 1114 1069 1173 hac
1110 1113 1243 1191 ipsa
1286 1115 1419 1190 lege
1465 1112 1619 1172 effici
1673 1132 1793 1171 non
1839 1117 2064 1190 potest,
2121 1116 2267 1171 tunc
2312 1111 2623 1189 temporis,
2667 1131 2820 1172 ‚cum

572 1202 909 1279 conscripta
964 1209 1057 1261 est
1100 1203 1195 1263 vel
1242 1202 1443 1279 potius
1488 1202 1816 1278 descripta,
1875 1201 2044 1259 illum
2089 1200 2284 1278 ipsum
2329 1219 2576 1272 morem,
2641 1220 2819 1277 quem

570 1289 884 1367 prohibere
930 1291 1133 1351 studet
1176 1290 1239 1349 in
1283 1310 1395 1349 usu
1438 1291 1622 1349 fuisse
1665 1289 1828 1367 apud
1867 1286 2095 1347 Scottis.
2171 1288 2436 1349 Obstant
2479 1289 2637 1348 enim
2681 1308 2818 1365 grav

570 1378 811 1438 vissima
871 1386 1239 1455 argumenta.
1331 1378 1647 1451 Omittam,
1708 1377 1830 1454 qud
1887 1377 2057 1437 Beda
2115 1384 2324 1437 narrat
2379 1378 2462 1452 (h.
2509 1398 2560 1436 e.
2586 1378 2666 1450 -3,
2715 1378 2818 1449 22,

568 1469 607 1544 g
657 1468 829 1542 214).
918 1466 1219 1527 Finanum
1262 1468 1814 1527 Lindisfarnensem
1871 1485 2238 1525 consecrasse
2283 1466 2554 1525 Ceddum
2599 1465 2818 1527 vocans

567 1554 654 1619 ad
707 1572 766 1615 36
809 1553 874 1613 in
916 1553 1296 1615 ministerium
1344 1552 1728 1615 ordinationis
1772 1551 1904 1615 aliie
1947 1552 2174 1615 duobus
2217 1554 2499 1637 episcopis
2550 1588 2629 1601 —
2677 1576 2820 1614 nam

567 1643 743 1703 Beda
770 1643 920 1703 illud
950 1644 1203 1703 forsitan
1234 1644 1493 1715 finxerit,
1540 1644 1644 1703 sed
1675 1643 2010 1720 provocabo
2043 1642 2118 1702 ad
2151 1643 2520 1720 StePhanum
2551 1643 2818 1703 Eddium

570 1732 676 1791 vit.
726 1732 921 1791 Wilfr.
968 1732 1225 1805 XXIII,
1268 1734 1425 1791 Mab.
1472 1732 1584 1804 IV,
1638 1734 1667 1791 1
1721 1752 1857 1809 app.
1904 1751 1964 1808 p.
2013 1732 2158 1789 689.
2251 1732 2432 1791 Teste
2491 1731 2650 1792 enim
2703 1732 2821 1793 hoc

570 1822 701 1881 loco
735 1820 1083 1880 Theodorus
1128 1821 1606 1900 archiepiscopus
1649 1840 1808 1879 anno
1857 1817 1984 1879 678
2029 1826 2152 1879 tres
2197 1820 2504 1899 episcopos
2557 1819 2816 1894 „inordi-

564 1917 702 1969 nate
760 1906 951 1969 solu-3⁴⁴
1018 1910 1409 1969 consecravit.
1498 1911 1689 1981 Num,
1753 1908 1806 1967 si
1865 1906 2178 1967 Scotorum
2241 1930 2404 1968 more
2465 1908 2818 1969 Theodorus

568 2017 710 2057 usus
774 2004 953 2071 esset,
1020 1997 1359 2075 Stephanus
1402 1998 1658 2070 Eddius,
1713 1996 1983 2056 wilfridi
2025 1996 2440 2070 amicissimus,
2503 1998 2820 2069 omisisset,

568 2086 718 2145 illud
749 2087 943 2164 ipsum
974 2085 1286 2145 Theodoro
1316 2086 1465 2145 vitio
1498 2092 1733 2145 vertere
1750 2086 1779 2143 Ρ
1855 2085 2019 2162 Ergo
2051 2086 2388 2162 negandum
2417 2106 2544 2146 esse
2573 2085 2822 2145 videtur

563 2176 689 2248 jam
748 2180 891 2233 tunc
952 2174 1107 2233 sicut
1166 2183 1377 2252 postea
1430 2174 1652 2234 saeculi
1697 2174 2030 2233 duodecimi
2075 2175 2444 2252 temporibus
2489 2176 2587 2251 (cf.
2633 2194 2820 2251 supra

568 2284 627 2339 p.
662 2264 773 2337 26)
821 2262 1001 2321 moris
1044 2262 1225 2322 fuisse
1258 2263 1569 2322 Scotorum
1617 2269 1687 2322 ut
1732 2262 1994 2339 episcopi
2017 2263 2117 2322 .ab
2163 2282 2281 2321 uno
2315 2270 2816 2323 consecrarentur.

568 2349 678 2409 Sin
740 2350 936 2424 aliter,
999 2350 1111 2409 hoc
1157 2350 1467 2411 Scotorum
1513 2350 1822 2429 proprium
1867 2370 1986 2419 non
2031 2357 2204 2411 esset.
2293 2352 2450 2411 Nam
2496 2372 2616 2409 non
2661 2371 2818 2411 unus

570 2438 917 2498 Theodorus
978 2445 1187 2500 contra
1246 2461 1497 2500 canones
1557 2440 1718 2500 solus
1771 2444 1892 2499 tres
1947 2440 2081 2500 illos
2139 2439 2446 2519 episcopos
2491 2440 2817 2515 ordinavit,

566 2527 673 2587 sed
718 2528 846 2606 ipse
894 2527 1220 2606 Gregorius
1265 2549 1425 2608 papa
1470 2529 1814 2606 Augustino
1847 2529 2042 2605 (Beda
2083 2531 2140 2588 h.
2173 2549 2221 2588 e.
2276 2531 2328 2601 1,
2381 2531 2482 2604 27,
2529 2531 2566 2607 ξ
2601 2530 2712 2606 64)
2757 2537 2820 2589 et

566 2614 910 2676 Bonifatius
940 2639 1100 2696 papa
1127 2619 1327 2690 Justo,
1358 2618 1541 2678 tertio
1570 2618 1901 2695 Augustini
1931 2617 2252 2678 successori
2278 2618 2470 2694 (Beda
2502 2618 2560 2675 h.
2577 2619 2636 2677 e.
2669 2620 2730 2692 2,
2757 2619 2818 2691 8,

564 2706 603 2781 ξ
642 2703 811 2781 109),
859 2707 1275 2780 concederunt,
1320 2713 1390 2766 ut
1443 2705 1734 2786 „emymte
1779 2705 2242 2788 opportunam&
2293 2707 2408 2765 soli
2452 2707 2820 2766 ordinarent.

568 2792 863 2852 Attamen
908 2793 1219 2854 Scotorum
1266 2796 1573 2874 episcopos
1607 2795 1886 2854 canonice
1916 2796 2222 2855 ordinatos
2249 2815 2372 2854 non
2401 2797 2530 2854 esse
2563 2801 2816 2856 constat.

567 2880 723 2941 Nam
784 2881 1050 2959 prodidit
1096 2882 1263 2942 Beda
1322 2901 1479 2942 anno
1526 2883 1656 2942 665
1705 2884 2000 2944 defunctis
2038 2884 2374 2943 Deusdedit
2417 2883 2819 2944 Cantuarensi

568 2976 631 3028 et
674 2970 969 3029 Damiano
1014 2970 1280 3031 Roffensi
1326 2973 1555 3031 nullum
1600 2971 1664 3030 in
1707 2979 1842 3031 tota
1877 2972 2199 3032 Britannia
2243 2972 2426 3032 fuisse
2471 2973 2816 3052 episcopum

567 3059 848 3118 canonice
871 3059 1209 3120 ordinatum
1232 3068 1483 3138 excepto
1494 3060 1692 3132 Wine,
1715 3062 1994 3139 episcopo
2006 3061 2478 3120 Occidentalium
2489 3060 2816 3134 Saxonum,

568 3147 673 3222 qui
718 3147 781 3206 in
823 3146 1022 3208 Gallia
1066 3155 1199 3210 erat
1244 3155 1620 3208 consecratus
1664 3149 1748 3224 (h.
1779 3169 1830 3208 e.
1879 3151 1937 3222 3,
1989 3151 2088 3222 28,
2137 3150 2378 3227 5243).
2457 3151 2594 3223 Qua
2639 3150 2704 3208 in
2749 3171 2818 3210 re

562 3234 683 3294 etsi
726 3235 895 3294 Beda
942 3238 1166 3296 erravit
1196 3271 1279 3282 —-
1313 3237 1533 3296 oblitus
1579 3244 1669 3296 est
1715 3238 1872 3297 enim
1902 3238 2194 3297 Bonifatii
2223 3239 2614 3298 Domucensis
2659 3239 2816 3317 epis·

566 3324 702 3400 copi
748 3325 829 3399 (h.
876 3345 926 3382 e.
976 3326 1033 3396 3,
1083 3326 1185 3398 20,
1233 3327 1269 3403 ἓ
1317 3327 1463 3396 209,
1512 3327 1581 3384 cf.
1614 3323 1838 3402 Bright
1882 3348 1940 3405 p.
1977 3328 2130 3403 212)
2167 3359 2268 3400 -,
2313 3333 2515 3386 tamen
2561 3335 2818 3406 apparet

562 3432 701 3470 eum
746 3431 937 3488 neque
986 3413 1266 3486 Geddum,
1316 3413 1708 3473 Orientalium
1756 3413 2060 3474 Saxonum
2107 3414 2464 3492 episcopum,
2511 3435 2548 3474 a
2579 3415 2814 3474 Finano

564 3509 973 3558 consecratum
1018 3522 1211 3578 neque
1255 3503 1303 3562 J
1303 3522 1674 3576 arumannm,
1738 3503 2092 3562 Merciorum
2139 3503 2508 3581 episcopum,
2569 3505 2815 3566 natione

564 3585 831 3659 Scotum,
877 3595 947 3648 ut
991 3590 1229 3650 videtur
1275 3591 1356 3666 (h.
1404 3611 1451 3648 e.
1502 3592 1559 3664 3,
1609 3592 1710 3663 24,
1760 3591 1796 3668 5
1833 3592 2008 3668 224),
2053 3591 2332 3651 habuisse
2376 3612 2486 3668 pro
2531 3593 2816 3655 canonice

569 3675 877 3734 ordinatis.
966 3677 1213 3738 Ritibus
1270 3679 1461 3756 igitur
1516 3680 1814 3738 diversam
1871 3679 2053 3739 fuisse
2107 3701 2144 3738 a
2187 3681 2594 3739 Romanorum
2651 3701 2816 3740 more

568 3763 1001 3824 ordinationem
1048 3765 1360 3828 Scotorum
1408 3768 1824 3846 suspicandum
1871 3774 1979 3827 est.
2061 3769 2346 3828 Fortasse
2391 3768 2558 3828 Scoti
2599 3769 2814 3828 iisdem

566 3854 664 3911 vel
694 3853 985 3912 similibus
1012 3855 1231 3914 ritibus
1255 3857 1579 3916 utebantur
1601 3863 1782 3932 atque
1804 3857 2088 3916 Britones
2111 3856 2256 3933 (vid.
2279 3877 2462 3934 supra
2483 3877 2542 3934 p.
2569 3859 2651 3916 26
2681 3861 2816 3934 sq.),

568 3961 704 4000 nam
762 3942 974 4002 iisdem
1033 3945 1235 4004 verbis
1283 3945 1632 4005 Theodorus
1691 3945 2000 4022 episcopos
2059 3952 2202 4005 eta
2247 3944 2442 4004 Scotis
2485 3953 2549 4004 et
2593 3967 2630 4005 a
2675 3947 2814 4005 Bri-

715 4099 921 4182 ¹Nam
969 4102 1109 4166 puto
1157 4115 1341 4167 neque
1388 4098 1450 4153 in
1484 4097 1766 4152 Hibernia
1803 4099 2078 4166 scriptum
2116 4117 2235 4154 esse
2271 4099 2358 4164 id,
2399 4100 2552 4168 quod
2589 4102 2812 4170 saepius

564 4168 819 4222 occurrit
854 4169 913 4222 in
952 4169 1039 4222 his
1067 4168 1389 4231 canonibus,
1431 4169 1871 4234 „Hibernenseffl
1900 4170 2146 4241 [dicunt]
2175 4170 2268 4223 vel
2307 4171 2586 4240 „synodus
2613 4172 2812 4226 Hiber-

566 4239 791 4294 nensi8“
832 4239 930 4307 (cf.
972 4239 1489 4304 Wasserschleben,
1532 4239 1612 4293 Ir.
1652 4239 1800 4294 Kan.
1838 4257 1893 4309 p.
1923 4240 2042 4310 IX)
2080 4257 2264 4309 neque
2302 4212 2590 4296 ’Theodori
2627 4244 2813 4299 archi-

573 4309 825 4378 episcopi
864 4310 961 4379 qui
999 4309 1268 4364 dicuntur
1304 4310 1483 4364 libros
1514 4313 1635 4380 jam
1671 4315 1808 4366 tuno
1843 4310 2120 4366 Hibernis
2157 4312 2413 4383 cognitos
2453 4313 2643 4368 fuisse.
