3167 4900
1497 211 1927 269 -42-

588 398 720 450 sumt
762 387 826 448 in
869 387 1030 448 πιανέ
1066 387 1338 459 Ter-rene,
1385 396 1446 446 ut
1490 387 1615 468 ipse
1660 386 1810 447 dcim't
1854 386 1917 446 in
1960 387 2501 448 commemoratione
2546 386 2837 448 laborum.

587 479 781 556 Ergo,
843 479 894 536 si
939 478 1190 554 hymnus
1238 477 1559 536 Tirechani
1613 477 1979 554 temporibus
2024 477 2319 536 vetustior
2384 483 2564 550 esset,
2636 484 2841 536 tamen

590 568 954 627 Tirechanus
983 567 1445 643 haudquaquam
1491 566 1770 624 carminis
1815 566 1999 625 verba
2042 567 2195 624 male
2241 566 2652 640 intellexisset,
2700 588 2841 626 nam

590 664 651 717 et
699 677 934 716 carmen
980 662 1041 715 et
1074 655 1438 717 Tirechanus
1484 655 1665 714 tertio
1715 655 1968 731 quodam
2015 661 2257 714 auctore
2303 656 2397 714 usi
2442 661 2582 714 sunt
2628 677 2839 733 eoque,

592 746 751 824 quod
797 746 1036 823 quidem
1067 743 1433 803 Tirechanus
1478 743 1735 823 putavit,
1780 745 1911 821 ipso
1942 744 2223 804 Patricio·
2286 743 2520 822 Itaque,
2570 746 2841 822 quando-

593 835 831 912 quidem
877 841 1073 893 exstat
1119 833 1182 892 in
1229 833 1378 892 libro
1427 832 1847 894 Ardmachano
1896 833 2119 892 dictum
2166 833 2316 892 illud
2355 833 2608 892 Patricii
2656 855 2843 912 supra

591 927 674 1001 (p.
725 924 833 1000 34)
879 922 1340 1000 transcriptum,
1410 923 1771 982 simillimum
1817 921 1975 980 haud
2021 923 2199 982 dubie
2247 922 2333 996 ei,
2392 943 2510 999 quo
2558 928 2621 981 et
2670 923 2841 982 Tire-

591 1014 812 1072 chanus
861 1018 921 1070 et
967 1011 1157 1084 Fieci,
1221 1011 1323 1088 qui
1368 1011 1613 1084 dicitur,
1676 1011 1883 1087 hymni
1926 1017 2105 1088 poe‘ta
2150 1011 2242 1069 usi
2288 1018 2450 1085 sunt,
2508 1013 2842 1090 permirum

591 1101 739 1160 mihi
782 1101 1102 1173 videretur,
1150 1100 1200 1160 si
1248 1101 1380 1178 quis
1429 1101 1705 1159 carminis
1751 1101 1951 1173 verba,
2000 1121 2151 1178 quae
2198 1100 2259 1158 in
2308 1101 2553 1160 eandem
2599 1108 2842 1162 senten·

590 1190 739 1250 tiam
793 1190 982 1268 accipi
1038 1197 1314 1268 possunt,
1378 1197 1577 1249 tamen
1634 1189 1811 1248 aliter
1875 1190 2373 1266 interpretaretur
2436 1189 2651 1249 Nonne
2722 1190 2843 1248 duo

592 1285 774 1338 testes
834 1300 1103 1338 sermone
1167 1281 1325 1337 claro
1383 1285 1444 1337 et
1497 1279 1693 1337 lucido
1746 1278 1840 1337 usi
1895 1278 2073 1338 tertio
2128 1278 2376 1338 obscuro
2434 1280 2567 1356 plus
2615 1281 2843 1352 valent,

590 1363 770 1445 idque
803 1389 872 1427 eo
903 1368 1112 1444 magis,
1161 1388 1276 1445 quo
1309 1368 1540 1426 facilius
1571 1367 1708 1425 huic
1738 1366 1975 1425 illorum
2006 1367 2300 1426 sententia
2342 1368 2551 1443 subjici
2597 1370 2844 1446 potest?

593 1455 872 1528 Accedit,
939 1457 1098 1533 quod
1143 1478 1330 1534 paene
1379 1457 1602 1529 omnia,
1665 1477 1815 1534 quae
1868 1491 1943 1499 ——
1995 1456 2118 1516 sive
2167 1460 2302 1531 jure
2348 1456 2475 1516 sive
2521 1477 2845 1534 perperam

595 1580 677 1590 -—
735 1545 997 1604 Patricio
1054 1545 1454 1619 ascribuntur,
1525 1546 1726 1623 qualia
1780 1545 1937 1603 nunc
1992 1551 2252 1618 exstant,
2322 1545 2509 1604 latino
2567 1566 2845 1605 sermone

595 1634 929 1711 conscripta
975 1641 1139 1708 sunt,
1195 1635 1446 1711 ideoque
1493 1634 1911 1713 suspicandum
1959 1640 2048 1694 est
2091 1634 2241 1692 illud
2286 1655 2521 1711 quoque
2568 1634 2844 1706 Patricii,

595 1743 710 1801 quo
759 1724 1122 1784 Tirechanus
1171 1729 1232 1783 et
1277 1723 1468 1797 Fieci,
1533 1725 1638 1801 qui
1682 1723 1925 1798 dicitur,
1986 1723 2237 1800 hymnus
2284 1724 2378 1781 usi
2424 1730 2587 1796 sunt,
2652 1724 2845 1784 latine

595 1833 718 1872 esse
776 1813 1016 1872 dictum.
1110 1813 1369 1872 Tantum
1426 1814 1613 1890 igitur
1667 1815 1859 1884 abest,
1928 1819 1998 1871 ut
2054 1812 2419 1871 Tirechanus
2475 1813 2537 1871 in
2596 1833 2843 1874 conver·

592 1902 774 1961 tendo
819 1903 970 1960 male
1017 1901 1378 1962 intellexerit
1422 1902 1589 1961 Fieci
1634 1902 1939 1979 hymnum,
2008 1906 2077 1959 ut
2130 1901 2329 1978 potius
2374 1901 2583 1978 hymni
2628 1911 2847 1962 auctor

593 1993 955 2051 accusandus
1011 1991 1115 2064 sit,
1187 1991 1344 2068 quod
1400 1997 1523 2050 tam
1578 1992 1731 2050 male
1785 1991 2111 2050 Hibernice
2167 1991 2354 2050 vertit
2409 1991 2634 2049 dictum
2692 1992 2845 2050 illud

592 2080 844 2139 Patricii
859 2125 873 2153 ,
941 2088 1010 2140 ut
1064 2080 1137 2140 de
1191 2080 1660 2158 interpretandis
1725 2080 1911 2157 ipsius
1966 2079 2162 2140 verbis
2219 2079 2337 2138 viri
2393 2079 2557 2139 docti
2613 2080 2844 2140 dissen-

593 2169 711 2228 tire
756 2169 1002 2247 possint.
1570 2170 1578 2179 ⁸

771 2257 968 2334 ErgO,
1020 2258 1070 2316 si
1115 2258 1368 2332 hymnus
1413 2257 1579 2316 Fieci
1635 2258 1710 2316 ab
1756 2257 1886 2334 ipso
1930 2257 2137 2330 FiecO,
2208 2258 2311 2334 qui
2356 2257 2609 2316 Patricii
2664 2258 2843 2316 disci-

594 2347 768 2424 pulus
813 2347 991 2406 fuisse
1046 2346 1330 2421 traditur,
1401 2347 1759 2424 compositus
1816 2351 1994 2418 esset,
2064 2347 2148 2404 nil
2203 2347 2365 2405 aliud
2421 2348 2846 2424 comprobaret

594 2435 710 2495 nisi
759 2439 883 2511 jam
939 2442 1080 2496 tunc
1125 2436 1376 2496 Patricii
1430 2435 1580 2495 illud
1636 2437 1708 2495 de
1764 2435 2077 2500 itineribus
2132 2435 2250 2495 suis
2304 2458 2412 2515 per
2459 2434 2723 2495 Galliam
2782 2442 2844 2497 et

594 2526 835 2585 Italiam
882 2546 1008 2585 esse
1057 2527 1480 2586 circumlatum.

774 2614 892 2673 Sed
953 2615 1198 2675 dubium
1259 2637 1376 2675 non
1447 2622 1564 2689 est,
1638 2616 1781 2693 quin
1853 2616 2036 2674 multo
2098 2620 2235 2691 post
2302 2614 2672 2691 conscriptus
2746 2616 2843 2675 sit.

597 2705 843 2763 Certum
891 2711 1010 2777 est,
1079 2724 1210 2763 eum
1257 2706 1448 2764 altera
1509 2706 1728 2763 saeculi
1790 2704 1945 2763 sexti
2004 2710 2175 2781 parte
2230 2704 2489 2781 priorem
2536 2724 2655 2763 non
2714 2725 2845 2771 esse

596 2792 701 2868 (H.
751 2792 866 2851 and
913 2792 1001 2851 St.
1047 2792 1134 2865 II,
1171 2795 1226 2866 2,
1267 2815 1325 2870 p.
1361 2794 1486 2851 360
1520 2801 1643 2852 not.
1678 2796 1755 2870 a),
1801 2813 2052 2865 rursum,
2102 2792 2214 2851 etsi
2261 2792 2378 2850 alia
2426 2797 2515 2851 est
2562 2793 2847 2853 carminis

597 2882 715 2941 alia
761 2880 1044 2941 historiae
1090 2888 1332 2955 natura,
1394 2887 1594 2940 tamen
1641 2882 1782 2940 licet
1828 2882 2060 2958 opinari
2108 2883 2203 2957 (cf.
2251 2881 2331 2938 H.
2380 2881 2497 2940 and
2545 2880 2633 2939 St.
2680 2882 2718 2939 1.
2769 2886 2844 2959 c.)

598 2991 730 3029 eum
793 2970 1182 3048 compositum
1245 2992 1402 3049 esse,
1475 2972 1821 3047 priusquam
1884 2971 2084 3029 fabula
2158 2970 2229 3027 de
2296 2969 2667 3043 CoelestinO,
2740 2972 2848 3047 qui

597 3059 926 3119 Patricium
985 3059 1252 3133 misisset,
1313 3059 1473 3138 apud
1518 3080 1721 3119 omnes
1767 3060 2075 3137 divulgata
2128 3064 2299 3117 esset.
2390 3058 2563 3117 Intra
2608 3066 2849 3117 sextum

597 3149 784 3226 igitur
829 3150 1125 3207 saeculum
1171 3156 1230 3207 et
1277 3170 1496 3208 nonum
1543 3150 1913 3227 conscriptus
1968 3154 2075 3207 est.
2168 3146 2285 3207 Sed
2342 3168 2539 3223 spero,
2602 3168 2846 3207 accura-

598 3238 718 3297 tius
765 3244 1000 3314 tempus
1045 3258 1218 3314 posse
1266 3238 1515 3297 definiri.
1608 3239 1701 3296 De
1759 3259 1875 3315 qua
1928 3258 1993 3295 re
2040 3238 2221 3296 verba
2267 3236 2537 3295 dicturus
2583 3238 2659 3293 ab
2708 3259 2847 3297 exa-

598 3326 876 3385 minanda
939 3325 1143 3386 Skenii
1203 3328 1499 3386 sententia
1566 3328 1803 3386 initium
1874 3326 2107 3384 faciam.
2222 3324 2615 3401 Sagacissime
2686 3328 2849 3385 enim

600 3414 870 3487 Skenius,
920 3416 1154 3491 quando
1185 3414 1350 3473 Fieci
1380 3416 1634 3493 hymnus
1668 3415 2026 3493 compositus
2069 3419 2239 3485 esset,
2288 3414 2565 3489 colligere
2614 3414 2852 3475 studuit

599 3524 672 3560 ex
719 3504 993 3561 extremis
1033 3524 1220 3581 paene
1253 3505 1526 3565 carminis
1558 3506 1758 3566 verbis
1788 3506 1953 3563 hisce
1988 3504 2091 3578 (H.
2117 3503 2233 3562 and
2260 3501 2348 3561 St.
2372 3502 2459 3575 II,
2488 3503 2543 3574 2,
2575 3525 2635 3580 p.
2664 3504 2851 3581 361):

705 3586 893 3649 When
938 3589 1180 3651 Patriclc
1225 3602 1372 3653 went
1418 3596 1528 3671 (=
1562 3594 1739 3670 obiit)
1786 3590 1855 3652 he
1899 3590 2103 3651 visited
2146 3587 2237 3651 the
2281 3588 2440 3651 other
2485 3587 2759 3662 Patrio&

688 3678 732 3738 it
777 3678 828 3738 is
873 3678 1122 3760 toqether
1167 3678 1294 3763 they
1335 3682 1625 3743 ascended
1667 3691 1724 3742 to
1774 3676 1969 3751 JesuS,
2018 3678 2245 3761 Mary's
2292 3676 2434 3739 Son.
2502 3718 2511 3723 -

599 3769 900 3828 Mirabilia
943 3770 1088 3829 haec
1133 3772 1332 3830 verba.
1425 3773 1578 3831 Nam
1629 3772 1761 3849 quis
1808 3776 1897 3829 est
1942 3769 2040 3827 ille
2086 3769 2239 3827 alter
2285 3768 2628 3827 Patricius?
2701 3768 2851 3828 Ske-

601 3859 733 3917 nius
780 3856 891 3934 (II,
938 3881 994 3937 p.
1045 3860 1172 3931 4⁴38
1221 3881 1349 3937 sqq.
1395 3867 1459 3919 et
1507 3862 1637 3917 428
1686 3862 1797 3937 sq.)
1856 3860 2104 3917 alterum
2159 3859 2488 3917 Patricium
2536 3858 2656 3929 vel,
2730 3878 2851 3935 quo

601 3948 835 4021 nomine
888 3949 1247 4026 posteriores
1293 3955 1569 4021 utuntur,
1641 3968 1873 4021 „senem
1918 3946 2301 4020 Patricium“,
2372 3949 2540 4022 cujus
2594 3946 2853 4025 primam

602 4037 960 4096 mentionem
1015 4044 1247 4097 exstare
1301 4044 1478 4115 putat
1538 4038 1602 4095 in
1662 4036 1879 4109 feriali,
1944 4037 2100 4113 quod
2159 4035 2380 4095 dicitur
2404 4035 2428 4071 ²
2482 4035 2653 4113 Angi
2714 4056 2853 4113 cog—

791 4246 812 4277 1
853 4245 968 4299 Sed
993 4262 1308 4315 perperam,
1353 4262 1483 4297 nam
1511 4248 1754 4297 exeunte
1782 4245 2005 4298 saeculo
2032 4260 2181 4297 nono
2206 4243 2351 4297 illud
2376 4244 2575 4299 feriale
2604 4244 2854 4316 (Felire)

607 4318 763 4386 prius
800 4335 914 4371 non
951 4321 1038 4373 est
1075 4316 1144 4373 cf.
1183 4314 1444 4381 warren,
1484 4334 1538 4385 p.
1579 4314 1742 4373 XIV.
2132 4316 2139 4321 “
