3167 4900
1218 228 1652 285 ..ω-73-

314 404 661 463 monachum
714 403 779 463 in
834 404 1213 465 matrimonio
1267 404 1565 465 viventem
1611 404 1934 464 inveniesne
1945 404 1988 477 ¹,
2043 404 2222 465 immo
2267 406 2556 483 reperisse

314 494 475 571 apud
505 491 925 553 Adamnanum
956 492 1465 553 narratiunculam
1496 494 1812 570 quandam,
1843 514 1995 570 quae
2027 495 2374 571 comprobet
2412 494 2553 554 Sco·

313 589 509 643 torum
532 582 774 641 clericos
797 581 1017 641 vixisse
1038 582 1105 641 in
1127 581 1543 655 „castitate“
1566 583 1910 642 monachica
1922 581 2208 659 (Adamn.
2223 584 2332 643 vit.
2351 583 2480 643 Ool.
2495 583 2554 656 2,

315 670 415 743 55,
447 692 509 753 p.
543 672 699 729 217:
742 678 797 731 et
838 666 2292 753 quiaidemNhomoplebejusev-atcmnuoeore
2321 669 2554 754 etfiliis,

311 756 417 819 hoo
472 757 651 819 etiam
714 758 768 819 ei
818 758 913 818 vir
960 757 1163 819 beatus
1216 758 1618 821 benedictionis
1663 768 2040 842 augimentum
2079 757 2272 821 iaudat
2325 759 2556 821 dicens·-

310 846 416 909 επὶ
458 866 653 909 sermm
696 856 861 907 tumn
905 846 1050 928 eta).

490 935 843 995 Sanctorum
880 937 1137 1013 denique
1168 938 1330 1015 apud
1354 936 1565 999 scotos
1597 938 1842 997 summis
1871 937 1936 995 in
1967 936 2292 997 honoribus
2317 938 2552 997 habito·

309 1044 443 1085 rum
488 1026 677 1085 multa
722 1032 1009 1087 occurant
1054 1028 1341 1104 exempla.
1432 1025 1722 1085 Omittam
1769 1032 2124 1103 argumenta
2167 1047 2243 1084 ex
2285 1026 2553 1103 reliquiis

308 1113 603 1191 liturgicis
646 1114 977 1191 desumpta,
1024 1134 1164 1174 nam
1210 1136 1341 1175 cum
1386 1114 1501 1173 hae
1540 1134 1746 1175 omnes
1773 1116 2010 1175 saeculo
2039 1116 2294 1193 septimo
2323 1116 2554 1193 priores

310 1222 429 1261 non
492 1203 615 1262 sint
676 1202 985 1277 (Warren,
1042 1225 1101 1281 p.
1157 1204 1335 1279 155),
1394 1223 1513 1263 non
1572 1204 1700 1263 sine
1761 1222 1942 1280 opera
1986 1203 2392 1262 Romanorum
2455 1224 2554 1262 eas

310 1292 669 1368 compositas
726 1311 851 1351 esse
896 1291 1173 1351 Ebrardo
1229 1292 1481 1352 forsitan
1534 1293 1720 1352 liceat
1771 1292 2126 1351 contendere
2173 1294 2270 1367 (cf.
2316 1313 2373 1369 p.
2427 1293 2545 1351 121

310 1386 371 1438 et
415 1398 475 1457 p.
524 1379 701 1456 515),
758 1380 877 1453 sed,
938 1380 993 1439 si
1034 1380 1200 1453 libet,
1247 1381 1449 1441 videas
1496 1380 1784 1440 Oumeani
1827 1381 2140 1458 epistulam
2190 1383 2274 1459 (p.
2321 1382 2433 1456 21)
2478 1381 2554 1438 de

310 1466 533 1527 Sancto
596 1467 889 1545 Gregorio
952 1490 1111 1547 papa
1168 1469 1467 1530 dicentem
1526 1475 1590 1529 et
1645 1470 1992 1529 Adamnani
2049 1469 2336 1548 plurimos
2393 1470 2554 1529 locos

310 1558 395 1631 (2,
432 1558 534 1629 74,
566 1577 623 1633 Ρ.
658 1558 815 1629 224;
857 1558 915 1629 2,
949 1558 1053 1630 81,
1083 1579 1141 1635 p.
1176 1559 1331 1630 2263
1381 1562 1439 1631 2,
1472 1560 1574 1630 82,
1620 1579 1680 1635 Ρ.
1711 1558 1885 1634 226).
1961 1558 2189 1631 Quodsi
2233 1558 2553 1617 secundum

310 1665 383 1703 ex
426 1646 548 1705 illis
577 1644 923 1707 Adamnani
966 1646 1113 1705 locis
1158 1648 1393 1723 legeris,
1438 1666 1556 1723 quo
1603 1651 1810 1705 narrat
1855 1668 1918 1705 se
1961 1646 2157 1723 ipsum
2203 1666 2333 1707 cum
2380 1646 2554 1705 sociis

312 1734 607 1810 quondam
624 1734 931 1795 invocasse
948 1734 1035 1795 St.
1046 1734 1397 1795 Columbam
1414 1736 1509 1794 his
1528 1736 1752 1794 verbis:
1779 1731 2054 1794 Placetne
2065 1732 2188 1805 tibi,
2206 1732 2420 1794 Sancte
2436 1776 2450 1792 .
2467 1777 2482 1791 .
2501 1727 2552 1792 ..9

311 1816 516 1881 Facile
564 1820 669 1881 tibi
710 1830 811 1893 est,
844 1866 860 1881 .
892 1866 907 1883 .
940 1866 953 1881 .
970 1866 989 1894 ‚
1037 1843 1077 1883 a
1114 1822 1353 1884 domino
1383 1823 1718 1903 impetrare,
1760 1831 1826 1883 ut
1857 1866 1872 1881 .
1905 1867 1919 1882 .
1951 1828 2114 1883 certo
2145 1822 2354 1881 melius
2383 1822 2552 1882 testi·

308 1911 571 1971 monium
631 1931 751 1971 non
804 1912 1173 1972 desiderabis
1218 1914 1317 1987 (cf.
1362 1912 1606 1972 Ebrard
1651 1932 1709 1989 p.
1763 1915 1792 1972 1
1809 1913 1934 1987 18).
2021 1912 2140 1971 His
2199 1911 2389 1987 igitur
2449 1911 2551 1969 ab·

309 1999 517 2059 solutis
578 2006 641 2059 et
698 2000 765 2059 in
824 2006 1158 2078 posterum,
1220 2020 1373 2078 quae
1430 2002 1508 2059 de⁴
1550 2000 1846 2060 Columba
1887 2000 2256 2059 Luxoviensi
2299 2000 2550 2059 dicenda

306 2093 463 2161 sunt,
509 2088 825 2149 reservatis
870 2089 1129 2162 tandem,
1175 2095 1245 2149 ut
1287 2090 1664 2169 propositum
1709 2094 1817 2162 est,
1862 2094 2232 2165 quaeramus,
2279 2107 2432 2164 quae
2479 2109 2551 2147 ex

796 2264 1407 2348 nordanhymbtorum
1456 2266 1764 2332 ecclesiae
1812 2264 2063 2330 historia

308 2406 382 2466 de
430 2406 711 2466 ecclesiae
744 2406 1052 2467 Scotorum
1087 2416 1302 2469 natura
1350 2414 1410 2468 et
1456 2410 1720 2468 moribus
1754 2408 2023 2486 inprimis
2071 2408 2144 2467 de
2190 2407 2381 2468 causis
2413 2427 2548 2469 con-

307 2496 633 2556 troversiae
680 2517 811 2555 cum
857 2497 1146 2557 Romanis
1192 2497 1465 2576 cognosci
1510 2498 1760 2576 possint.

483 2584 560 2642 In
606 2584 1131 2663 Nordanhymbria
1176 2587 1350 2660 enim,
1397 2608 1580 2664 regno
1628 2585 1786 2646 inter
1831 2591 2057 2663 septem
2105 2584 2207 2642 illa
2249 2583 2550 2643 Saxonum

308 2693 493 2749 regna
535 2673 799 2733 omnium
828 2674 1102 2749 maxim0,
1149 2675 1297 2734 duas
1324 2675 1619 2752 regioneS,
1651 2673 1992 2734 Berniciam
2024 2680 2084 2732 et
2114 2672 2378 2747 Deiram,
2411 2693 2549 2732 con-

314 2761 552 2835 tinenti,
586 2761 752 2822 Scoti
785 2764 1063 2829 ecclesiae
1094 2763 1483 2823 fundamenta
1508 2766 1800 2840 jecerunt,
1849 2783 2189 2839 quanquam
2219 2782 2339 2821 non
2370 2761 2552 2840 primi

305 2843 825 2927 Nordanhymbris
872 2853 1245 2930 evangelium
1300 2852 1814 2932 praedicaverunt.
1907 2851 2062 2912 Nam
2109 2856 2342 2910 constat
2396 2871 2550 2909 anno

315 2941 441 2997 627
490 2939 827 3013 Paulinum,
889 2940 1220 3020 Augustini
1268 2941 1694 3000 Cantuarensis
1757 2940 2023 3018 episcopi
2082 2939 2332 3010 socium,
2393 2939 2551 2998 inter

311 3028 554 3088 comites
602 3027 1031 3108 Aedilbergae‚
1094 3029 1551 3089 cantuariorum
1615 3029 1774 3106 regis
1835 3029 2022 3100 filiae,
2079 3027 2359 3086 Aeduino
2421 3026 2552 3104 regi

306 3117 940 3192 Nordanhymbrorum
986 3124 1299 3197 nupturae,
1346 3117 1408 3174 in
1439 3117 2022 3192 Nordanhymbriam
2068 3113 2300 3175 venisse
2347 3114 2551 3192 ibique

309 3206 442 3284 ipso
488 3226 629 3282 rege
676 3211 737 3264 et
783 3208 992 3287 populi
1039 3228 1158 3265 non
1204 3226 1393 3284 parva
1440 3205 1822 3264 multitudine
1853 3204 1931 3265 ad
1959 3203 2134 3263 fidem
2168 3203 2551 3264 christianam

307 3287 610 3353 conversis
655 3295 1052 3354 Eboracensis
1097 3295 1263 3354 urbis
1323 3293 1580 3372 primum
1629 3293 1926 3353 exstitisse
1973 3292 2312 3372 episcopum
2359 3291 2553 3368 (Beda

308 3383 367 3441 h.
415 3403 465 3440 e.
515 3385 572 3455 2,
610 3385 870 3461 9-17).
934 3383 1052 3443 Sed
1100 3405 1251 3462 quae
1298 3391 1442 3443 tunc
1490 3403 1624 3441 cum
1670 3383 1732 3442 in
1771 3381 2052 3440 Bernicia
2098 3388 2227 3441 tum
2272 3381 2336 3440 in
2366 3380 2552 3441 Deira

310 3473 407 3546 (cf.
450 3471 674 3548 Bright
721 3493 780 3548 p.
834 3475 955 3531 119
1006 3475 1119 3550 sq.)
1167 3471 1426 3532 effloruit
1472 3469 1720 3530 ecclesia
1775 3491 1913 3529 mox
1967 3476 2138 3530 tanta
2195 3475 2552 3550 tempestate

311 3565 405 3620 est
448 3559 671 3634 invasa,
717 3566 787 3619 ut
834 3583 963 3620 eam
1010 3582 1149 3621 suus
1196 3562 1449 3640 amplius
1494 3560 1748 3620 nesciret
1777 3560 1958 3620 locus.
2019 3555 2199 3618 Anno
2235 3561 2388 3618 enim
2425 3559 2550 3618 633

458 3754 477 3784 ¹
518 3751 711 3806 Verba
728 3768 844 3806 non
865 3751 974 3805 feci
996 3752 1067 3805 de
1080 3751 1393 3805 Tirechano
1415 3755 1683 3806 narrante
1697 3750 1968 3820 (Betham
1977 3749 2056 3814 Π,
2071 3766 2203 3818 app.
2218 3767 2274 3818 p.
2289 3747 2551 3816 XXIX):

312 3821 641 3888 Patricium,
670 3827 971 3892 postquam
996 3821 1123 3874 loco
1151 3823 1395 3891 quodam
1423 3821 1724 3875 ecclesiam
1749 3823 2134 3874 consecrasset
2157 3821 2297 3873 haec
2319 3819 2552 3873 dixisse:

312 3897 475 3948 erunt
517 3893 751 3962 episcopi
794 3892 917 3947 boni
960 3891 1047 3946 hic
1082 3895 1135 3946 et
1168 3892 1231 3946 de
1266 3893 1467 3947 semine
1500 3892 1721 3946 illorum
1757 3894 1919 3946 erunt
1953 3890 2210 3945 benedicti
2244 3891 2307 3944 in
2343 3889 2556 3942 saecula

311 3965 375 4020 i‘n
410 3965 667 4019 cathedra
702 3965 819 4029 hac,
856 3979 989 4016 nam
1024 3962 1270 4030 primum
1306 3964 1575 4018 obscurus
1613 3968 1702 4016 est
1737 3967 1892 4016 totus
1929 3961 2028 4014 ille
2065 3963 2222 4014 locus
2248 3990 2315 4001 —
2343 3961 2414 4012 de
2441 3959 2554 4026 spi-

310 4036 611 4090 ritualibus
662 4036 813 4088 enim
861 4033 995 4088 filiis
1042 4034 1267 4090 locutus
1319 4051 1437 4090 esse
1488 4035 1717 4087 videtur
1765 4032 2047 4086 Patricius
2102 4030 2199 4099 (cf.
2249 4030 2388 4084 ibid.
2435 4030 2558 4097 filia

312 4109 507 4161 saneta
541 4106 805 4175 Patovscii)
848 4138 916 4148 --
955 4105 1162 4158 deinde
1209 4123 1322 4159 non
1374 4105 1485 4160 suis
1533 4105 1722 4158 verbis
1762 4120 1892 4157 usus
1933 4106 2019 4156 est
2055 4101 2338 4157 Patricius
2379 4101 2558 4170 (quod

316 4178 545 4245 quidem
584 4177 932 4231 Tirechanus
979 4178 1197 4242 narrat)
1248 4176 1347 4229 sed
1394 4176 1581 4230 verbis
1630 4174 1763 4229 libri
1811 4173 1952 4228 Gen.
1993 4173 2077 4238 12,
2118 4174 2166 4238 3,
2191 4223 2198 4231 ,
2219 4173 2460 4242 denique
2510 4171 2557 4224 si

312 4249 710 4317 episcoporum
758 4248 865 4302 filii
913 4247 1201 4302 naturales
1250 4251 1437 4300 essent
1473 4245 1874 4317 intellegendi,
1926 4245 2079 4298 idem
2119 4244 2189 4296 de
2226 4243 2334 4297 hac
2372 4260 2433 4296 re
2473 4241 2556 4296 di-

317 4320 559 4374 cendum
596 4323 760 4385 esset,
802 4320 955 4388 quod
986 4335 1155 4387 supra
1182 4317 1298 4371 dixi
1326 4318 1396 4370 de
1424 4317 1816 4385 episcoporum
1842 4317 2142 4371 Britonum
2166 4313 2557 4370 matrimoniis.
