3167 4900
8 649 9 652 „
7 499 12 572 v—-—
7 351 14 486 -=-——--—--
8 268 14 288 -=.
8 216 14 257 ³-

1519 265 1963 324 -34—

672 449 728 504 2.
762 445 1032 520 Quatuor
1092 445 1506 504 annotationes
1567 444 1693 502 sine
1738 443 1974 501 nomine
2022 445 2277 521 scriptae
2332 475 2419 486 —-——
2473 442 2729 502 Betham
2775 441 2863 515 II,

757 555 896 613 app.
940 557 997 612 p.
1043 533 1240 596 XVII
1287 555 1372 612 sq.

671 627 726 684 3.
759 624 940 682 Dicta
983 623 1256 697 Patricii,
1323 643 1472 700 quae
1531 621 1624 680 his
1680 621 1877 680 verbis
1924 622 2145 699 scripta
2192 627 2359 680 sunt:
2428 619 2724 680 'Emorem
2768 619 2870 680 dei

756 710 938 770 habui
979 711 1188 772 ducem
1231 709 1448 770 itimm‘s
1493 709 1609 768 mei
1642 729 1756 792 per
1805 705 2035 771 Gallias
2081 718 2250 791 atque
2298 707 2543 769 Italiam
2588 709 2765 769 ettam
2801 709 2865 768 in

755 799 971 872 insoliS,
1017 821 1166 882 quae
1211 809 1342 859 sum*
1384 799 1447 858 in
1476 798 1638 858 mam·
1674 797 1733 857 T
1724 818 1939 858 err-eno.
2017 794 2116 859 De
2146 796 2372 858 saeculo
2402 797 2745 878 requissistis
2775 792 2863 878 (ῗῐ)

755 889 839 949 ad
883 887 1280 949 Paradissum
1325 888 1433 948 deo
1474 887 1701 969 gratias
1746 885 2020 948 aecclesia
2066 885 2375 947 Scotorum
2420 887 2603 946 immo
2636 884 2859 946 Roma-

753 998 966 1038 norum
980 1023 995 1052 ,
1056 986 1120 1036 ut
1168 975 1488 1038 Christiani
1542 975 1626 1035 ita
1684 986 1747 1036 ut
1792 974 2061 1036 Romani
2114 975 2237 1035 sitis
2290 983 2351 1035 et
2398 983 2595 1034 cetera
2640 976 2864 1035 leviora

756 1067 1035 1142 (Betham
1083 1067 1168 1141 II,
1215 1089 1352 1145 app.
1398 1088 1455 1143 p.
1501 1065 1777 1142 XVIII).

668 1158 726 1214 4.
762 1156 1077 1216 Tirechani
1120 1157 1539 1216 annotationes
1572 1155 1851 1229 (Betham
1899 1155 1935 1212 l.
1984 1175 2031 1214 c.
2062 1175 2118 1232 p.
2152 1153 2772 1214 XVIII—XXXIV
2792 1153 2861 1235 ¹),

754 1265 900 1326 quas
929 1243 1158 1324 sempsit
1198 1265 1269 1304 ew
1300 1263 1398 1304 ore
1431 1241 1514 1302 vel
1542 1240 1689 1302 libro
1731 1239 1935 1301 Ultam'
1962 1242 2216 1324 episcopi
2242 1239 2406 1324 cujus
2436 1242 2559 1324 ipse
2590 1240 2863 1301 alumnus

755 1331 848 1393 vel
893 1331 1211 1414 discipulus
1240 1331 1368 1416 fuit
1415 1335 1475 1408 (l.
1509 1353 1555 1390 c.
1587 1353 1645 1409 p.
1677 1332 1909 1390 XVHI
1957 1335 2027 1390 cf.
2075 1333 2136 1390 in
2183 1333 2329 1410 ipsis
2376 1331 2863 1391 annotationibus

755 1445 812 1501 Ρ.
844 1421 1012 1479 XIX
1059 1429 1336 1492 „testante
1377 1417 1523 1479 mila·
1561 1416 1775 1480 Ultano
1820 1419 2173 1503 episcopm).
2250 1422 2383 1488 Hae
2430 1421 2864 1494 annotationes,

755 1511 807 1569 si
867 1511 1014 1569 fides
1074 1511 1190 1588 ipsi
1250 1508 1482 1570 auctori
1538 1516 1629 1568 est
1683 1511 1979 1583 habenda,
2043 1531 2174 1568 cum
2218 1511 2479 1569 Ultanus
2526 1531 2683 1568 anno
2732 1510 2859 1568 657

755 1599 970 1657 obiisse
1016 1600 1295 1659 tradatur
1325 1598 1548 1676 (Skene
1577 1598 1665 1672 II,
1711 1621 1768 1678 Ρ.
1804 1599 1931 1656 425
1979 1606 2100 1658 not.
2140 1600 2263 1676 13),
2312 1599 2515 1658 eodem
2560 1599 2682 1657 fere
2712 1604 2861 1656 tem-

756 1708 898 1766 pore
947 1689 1316 1766 conscriptae
1364 1696 1517 1762 sunt,
1567 1709 1683 1766 quo
1714 1688 2009 1746 Muirchui
2056 1690 2180 1748 vita
2211 1689 2433 1765 scripta
2467 1707 2592 1746 esse
2624 1687 2862 1746 dicitur.

753 1778 961 1853 Neque
1008 1777 1324 1854 quicquam
1371 1778 1672 1851 habemus,
1721 1799 1823 1836 cur
1870 1778 2099 1835 auctori
2145 1778 2320 1835 fidem
2364 1779 2714 1853 abrogemus
2746 1777 2864 1835 nisi

754 1865 901 1923 illud
945 1886 1002 1943 Ρ.
1033 1865 1226 1924 XIX:
1273 1887 1312 1924 a
1351 1865 1625 1948 passione
1670 1875 1864 1926 autem
1909 1862 2131 1924 Christi
2172 1862 2526 1946 colleyuntur
2572 1863 2714 1924 anni
2744 1867 2864 1924 436

752 1973 929 2034 usque
973 1953 1057 2014 ad
1100 1963 1346 2014 mortem
1392 1952 1655 2014 Pam-ica.
1733 1954 1835 2012 An
1883 1961 2133 2015 exeunte
2181 1957 2413 2013 saeculo
2459 1954 2709 2032 septimo
2750 1953 2863 2011 Hi-

753 2045 967 2102 bernos
1037 2045 1143 2102 tali
1203 2051 1534 2122 temporum
1598 2044 1993 2121 descriptione
2052 2065 2189 2102 usos
2256 2065 2379 2104 esse
2433 2043 2649 2120 putas?
2742 2043 2865 2101 Sed

757 2133 900 2208 quid
947 2133 1163 2205 obstat,
1212 2135 1524 2209 quominus
1570 2138 1845 2211 putemus
1891 2132 2124 2207 adjecta
2170 2153 2295 2192 esse
2326 2134 2509 2192 verba
2547 2132 2649 2189 illa
2683 2133 2757 2190 ab
2790 2151 2863 2189 eo

755 2221 859 2296 qui
901 2219 1120 2278 librum
1161 2221 1643 2280 Ardmachanum
1690 2223 2083 2299 conscripsit?
2159 2222 2350 2280 Immo
2399 2241 2530 2280 cum
2577 2221 2865 2280 sermonis

755 2314 1098 2368 contextum
1145 2310 1500 2383 discindant,
1546 2331 1657 2388 pro
1706 2318 1867 2369 certo
1914 2333 2011 2369 res
2053 2312 2326 2370 habenda
2374 2317 2479 2370 est.

714 2441 727 2457 .
758 2397 1090 2458 Petitiones
1136 2398 1404 2459 Patricii.
1497 2401 1751 2459 Betham
1798 2400 1838 2457 l.
1886 2421 1933 2459 c.
1980 2422 2037 2479 p.
2084 2399 2361 2460 XXXV.

713 2532 726 2547 .
765 2486 994 2562 „Aetas
1018 2488 1308 2547 Patricii“
1341 2524 1424 2535 ·-
1449 2490 1638 2569 ipsius
1664 2490 1834 2548 annis
1858 2488 2157 2567 descripta
2178 2491 2288 2548 hoc
2313 2490 2509 2547 modo:
2556 2484 2695 2547 VII
2706 2509 2864 2547 amzo

756 2575 1082 2655 baptizatus
1126 2586 1224 2649 est,
1277 2574 1348 2635 X
1389 2598 1543 2638 anno
1590 2587 1793 2661 captus
1839 2586 1949 2639 etc.
1996 2580 2252 2638 Betham
2299 2580 2337 2635 l.
2386 2598 2431 2636 c.
2480 2600 2535 2655 p.
2583 2577 2859 2637 XXXV.

753 2666 936 2735 Haec·
968 2668 1150 2725 verba
1187 2702 1260 2710 —
1299 2668 1459 2745 apud
1491 2668 1870 2726 Bethamium
1918 2669 1956 2725 1.
1990 2690 2034 2726 c.
2066 2688 2123 2745 p.
2156 2666 2415 2727 XXXV
2448 2686 2647 2725 errore
2687 2674 2861 2743 typo-

753 2754 1037 2831 graphico
1094 2756 1336 2833 insuper
1382 2762 1665 2834 corrupta
1710 2758 1781 2814 cf.
1828 2756 2083 2815 Betham
2129 2756 2215 2829 II,
2261 2779 2318 2835 p.
2370 2756 2495 2813 386
2551 2790 2625 2799 -—
2678 2778 2714 2813 a
2759 2756 2861 2813 Ti-

752 2842 1006 2901 rechano
1055 2850 1215 2902 certo
1264 2846 1599 2923 conscripta
1644 2866 1762 2903 non
1808 2852 1963 2919 sunt,
2011 2846 2151 2923 quia
2195 2850 2533 2923 repugnant
2570 2845 2660 2917 iis,
2710 2866 2860 2920 quae

753 2932 815 2990 in
846 2932 994 3009 ipsis
1023 2934 1508 2992 annotationibus
1541 2933 1906 2993 Tirechanus
1938 2935 2191 3013 scripsit.
2261 2935 2415 2994 Nam
2444 2934 2540 2992 hic
2574 2934 2859 3011 scriptum

754 3026 844 3079 est
899 3024 1022 3091 „72
1077 3042 1261 3082 annos
1315 3022 1551 3082 docuit“
1598 3025 1695 3099 (cf.
1740 3022 1994 3083 Betham
2043 3024 2129 3096 ΙΙ,
2184 3045 2242 3101 p.
2294 3024 2463 3097 386),
2520 3022 2643 3081 illic
2691 3022 2858 3081 Tire-

753 3110 974 3187 chanus
1021 3112 1205 3171 refert
1252 3114 1336 3189 (p.
1383 3111 1575 3189 XIX)
1622 3112 1953 3171 Patricium
2000 3113 2060 3171 in
2092 3112 2449 3170 Hiberniam
2494 3112 2725 3170 venisse
2770 3132 2857 3169 se-

753 3198 944 3258 cundo
991 3200 1150 3277 regis
1179 3200 1428 3277 Logairi
1475 3222 1642 3260 anno*
1676 3208 1738 3260 et
1782 3208 2079 3260 mortuum
2126 3222 2253 3259 esse
2299 3192 2529 3259 duobus
2560 3201 2655 3259 vel
2688 3200 2859 3277 quin-

751 3308 865 3365 que
927 3290 1099 3347 annis
1159 3296 1298 3348 ante
1359 3290 1608 3349 eundem
1668 3311 1894 3367 regem,
1969 3290 2072 3366 qui
2134 3292 2217 3349 33
2274 3310 2459 3348 annos
2519 3289 2859 3367 regnavisse

751 3382 1081 3453 putaretur.

665 3466 722 3521 7.
756 3466 1028 3537 Quatuor
1058 3466 1488 3540 similitudines,
1539 3488 1691 3544 quae
1721 3468 1987 3526 Patricio
2022 3488 2153 3525 cum
2184 3467 2337 3526 Mosi
2370 3472 2541 3525 erant
2574 3466 2855 3544 (Betham

753 3553 790 3611 1.
839 3574 886 3611 c.
934 3576 992 3631 p.
1037 3554 1338 3632 XXXV).

663 3641 722 3698 8.
753 3640 1088 3702 Annotatio
1137 3645 1208 3702 de
1239 3646 1366 3702 loco
1397 3645 1503 3703 ubi
1533 3644 1831 3704 Patricius
1864 3645 2129 3722 sepultus
2162 3649 2249 3704 est
2282 3644 2561 3721 (Betham
2593 3644 2857 3721 ibidem).

791 3730 926 3789 Hae
987 3732 1137 3791 duae
1185 3733 1598 3797 annotationes
1660 3734 1775 3792 sibi
1835 3734 2087 3792 invicem
2139 3741 2505 3812 repugnant,
2568 3755 2705 3793 nam
2760 3732 2863 3792 ubi

615 3838 746 3878 ossa
791 3816 914 3899 ejus
957 3818 1071 3879 siret
1114 3821 1400 3883 neminem
1444 3820 1667 3881 novisse
1710 3828 1971 3881 tentatur
2003 3826 2059 3896 7,
2108 3830 2315 3882 contra
2357 3823 2395 3880 8
2428 3820 2532 3881 uba·
2557 3819 2860 3903 sepultura

611 3904 866 3968 Patricia·
907 3918 1046 3969 esset
1078 3909 1399 3970 Columbae
1430 3910 1669 3969 Hiiensi
1714 3912 2040 3970 revelatum
2076 3933 2201 3971 esse
2234 3912 2562 3970 confirmat.
2639 3912 2859 3989 Itaque

613 3998 690 4055 ab
739 3998 944 4057 eodem
991 4000 1244 4077 scriptae
1291 4020 1428 4058 non.
1455 4003 1596 4057 sunt
1641 4000 1739 4075 (cf.
1788 3999 1985 4059 Skene
2030 4001 2117 4074 II,
2163 4022 2219 4077 p.
2270 4000 2442 4076 432).
2838 4052 2841 4055 ,

661 4088 718 4143 9.
748 4085 1080 4147 Annotatio
1137 4089 1210 4147 de
1255 4088 1528 4147 Palladio
1575 4094 1637 4146 et
1680 4088 1944 4147 Patricio
1993 4112 2027 4147 a
2074 4088 2413 4147 Coelestino
2458 4110 2616 4167 papa
2662 4090 2859 4150 missis

671 2398 708 2545 ΦΟῚ

761 4296 780 4325 ¹
817 4296 1100 4365 Equidem
1127 4296 1427 4349 Tirechani
1465 4296 1673 4351 librum
1715 4303 1969 4352 extrema
2005 4314 2059 4365 Ρ.
2090 4296 2355 4351 XXXIV
2395 4300 2692 4352 terminari
2728 4318 2857 4369 per-

613 4382 939 4433 persuasum
977 4368 1118 4420 mihi
1153 4368 1352 4422 habe0.
