3167 4900
1490 202 1931 259 ...86-

593 382 929 458 Anglorum
974 379 1297 457 provinciis
1343 384 1808 456 consequeretur
1850 377 2297 449 auctoritatem,
2353 383 2422 436 ut
2468 376 2690 438 habitis
2735 396 2834 453 sy·

590 470 778 543 nodis,
826 468 1030 529 divisis
1074 468 1375 547 parochiis
1420 472 1483 527 et
1526 467 1866 527 constitutis
1895 466 2168 544 pluribus
2199 464 2633 544 episcopalibus
2677 464 2834 525 sedi-

592 561 706 619 bus
752 558 839 617 ita
885 557 1191 618 ordinaret
1237 555 1515 617 ecclesiae
1562 560 1804 629 statum,
1847 559 1918 613 ut
1962 575 2099 613 mox
2143 555 2207 613 111
2254 575 2438 613 unum
2482 573 2696 632 corpus
2741 574 2832 613 re·-

590 648 767 707 dacta
812 666 938 707 esse
964 646 1288 705 videretur.
1347 644 1434 703 Et
1476 648 1712 703 tantum
1756 645 1986 715 aberat,
2031 648 2117 716 ut,
2164 662 2316 721 quae
2363 644 2447 703 sic
2491 644 2653 702 facta
2685 650 2834 716 erat,

590 734 905 811 concordia
936 734 1233 795 amicitiae
1264 732 1622 793 lentitudine
1661 740 1725 793 et
1749 731 1990 809 .frigore
2035 732 2314 793 turbatae
2359 732 2616 809 speciem
2659 751 2834 809 prae·

589 826 786 896 beret,
846 829 917 883 ut
970 822 1112 882 novi
1167 822 1258 881 illi
1302 822 1709 881 Romanorum
1769 821 1945 880 amici
1997 821 2193 887 crebri
2237 819 2492 897 ingressi
2546 820 2706 881 viam
2755 819 2835 879 ad

588 913 651 972 id
672 919 909 990 tempus
942 909 1269 970 inadmftam
1297 908 1457 991 yenti
1476 906 1812 989 Astylomm
1833 908 2064 986 (Steph.
2097 908 2327 968 Eddius
2351 909 2457 967 vit.
2480 908 2683 967 Wilfr.
2707 907 2834 983 III,

588 1001 745 1065 Mab.
777 1000 890 1071 IV,
941 1001 997 1058 1.
1042 1021 1101 1076 p.
1137 1002 1217 1059 67
1227 1002 1292 1076 7)
1339 998 1530 1077 ipsam
1575 999 1830 1058 Romam
1875 998 2110 1075 saepius
2155 996 2409 1057 adirent.
2469 997 2610 1075 Ipse
2643 998 2836 1057 Osviu

588 1109 695 1147 rex
739 1088 907 1149 nulla
950 1108 1017 1145 re
1064 1087 1180 1147 11181
1224 1094 1417 1147 morte
1462 1087 1786 1165 impeditus
1833 1091 1940 1159 est,
1987 1086 2302 1164 quominus
2347 1086 2602 1145 Romam
2649 1087 2834 1163 profi·

590 1177 909 1237 cisceretur
952 1175 1147 1251 (Beda
1191 1178 1246 1235 h.
1294 1197 1343 1235 e.
1393 1177 1453 1249 4,
1512 1176 1571 1249 5,
1627 1177 1664 1253 ς
1712 1177 1884 1252 267),
1947 1174 2271 1234 andvalla
2329 1180 2556 1247 autem,
2618 1174 2833 1233 Orien-

588 1264 797 1325 talium
842 1264 1145 1325 Saxonum
1190 1286 1296 1323 rex
1342 1265 1423 1340 (h.
1472 1285 1519 1322 e.
1570 1264 1629 1337 5,
1680 1266 1736 1337 7,
1785 1265 1820 1341 ἓ
1872 1264 2027 1341 372)
2074 1284 2228 1323 anno
2279 1264 2435 1335 688,
2483 1263 2831 1337 Coinredus,

586 1353 945 1413 Marciorum
976 1374 1101 1425 rex,
1148 1360 1210 1412 et
1241 1352 1393 1425 Offa,
1437 1351 1595 1412 filius
1627 1352 1864 1429 Sigheri
1909 1353 2070 1430 regis
2101 1351 2497 1412 Orientalium
2529 1352 2834 1413 Saxonum

589 1442 673 1517 (h.
720 1461 769 1499 e.
818 1442 876 1515 5,
929 1443 1027 1514 19,
1084 1443 1120 1519 g
1168 1442 1343 1517 412),
1390 1460 1547 1500 anno
1604 1442 1750 1512 709,
1809 1440 1936 1514 Ini,
1995 1439 2466 1503 occidentalium
2529 1442 2834 1501 Saxonum

589 1550 696 1589 rex
742 1530 827 1605 (h.
876 1551 923 1588 0.
974 1529 1031 1601 5,
1082 1530 1138 1603 2,
1185 1531 1221 1607 ξ
1270 1529 1425 1605 373)
1472 1548 1630 1587 anno
1679 1530 1805 1588 725
1853 1530 2107 1589 Romam
2151 1536 2568 1607 pervenerunt.

766 1617 1081 1677 Acerrima
1104 1617 1294 1695 igitur
1316 1618 1724 1677 controversia
1758 1617 1917 1677 inter
1939 1617 2224 1678 Britones
2248 1624 2309 1679 et
2331 1617 2582 1695 Anglos,
2607 1618 2833 1697 quippe

532 1776 539 1785 ι
590 1706 694 1784 qui
738 1706 877 1766 odio
921 1706 1135 1784 gentili
1165 1712 1363 1765 essent
1392 1706 1673 1783 separati,
1720 1706 2018 1765 levissima
2063 1713 2128 1765 et
2170 1706 2340 1766 brevi
2384 1708 2712 1785 composita
2743 1727 2831 1780 ea,

590 1816 741 1873 quae
786 1796 861 1854 de
905 1794 1227 1855 levioribus
1269 1796 1447 1855 rebus
1492 1795 1654 1853 inter
1698 1795 1934 1871 Anglos
1981 1801 2044 1854 et
2081 1794 2293 1855 Scotos
2337 1802 2474 1855 orta
2517 1802 2648 1855 erat
2691 1817 2830 1855 con·

588 1884 897 1944 troversia.

662 2032 671 2043 ,
765 1972 858 2033 At
902 1972 1063 2032 dicat
1107 1974 1359 2032 fortasse
1407 1971 1705 2050 quispiam
1750 1992 2086 2049 repugnare
2129 1972 2268 2031 huic
2308 1979 2550 2031 nostrae
2595 1977 2833 2031 senten-

586 2060 708 2119 tiae
754 2060 1023 2119 Wilfridi
1088 2061 1485 2120 Eboracensis
1544 2061 1881 2135 historiam,
1945 2065 2154 2138 utpote
2215 2080 2334 2138 qua
2392 2061 2836 2121 demonstretur

590 2148 769 2209 etiam
828 2149 989 2208 inter
1050 2148 1259 2209 Scotos
1320 2154 1383 2207 et
1425 2149 1662 2226 Anglos
1721 2148 2301 2209 vehementissimam
2365 2156 2426 2209 et
2485 2149 2836 2209 acerrimam

589 2236 771 2296 fuisse
818 2238 1298 2297 controversiam.
1359 2237 1501 2315 Ipse
1533 2236 1797 2297 Varinus
1836 2238 2392 2338 (1110111.1,11.212
2426 2240 2584 2315 sqq.)
2613 2238 2833 2297 multas

589 2324 721 2384 illas
767 2324 1123 2399 inimicitias,
1172 2345 1318 2402 quas
1363 2325 1700 2396 Wilfridus,
1745 2323 1849 2405 (Ῑωί
1893 2323 2129 2405 primus
2173 2324 2321 2385 inter
2363 2323 2684 2404 episcopos,
2731 2324 2837 2407 qui

588 2412 662 2474 de
719 2410 1057 2494 Anylorum
1113 2422 1279 2494 yeme
1336 2424 1550 2486 essent,
1614 2411 1960 2475 catholicum
2019 2412 2252 2474 ascendi
2303 2433 2528 2475 morem
2587 2411 2835 2476 ecclesiis

587 2500 925 2584 Anylorum
968 2502 1202 2566 tradere
1247 2503 1451 2564 didio-12
1497 2504 1694 2580 (Beda
1737 2505 1793 2562 h.
1841 2525 1890 2561 e.
1940 2503 1998 2576 4,
2047 2505 2104 2577 2,
2150 2505 2188 2581 ξ
2222 2504 2396 2580 257),
2443 2505 2648 2581 paullo
2695 2509 2832 2581 post

587 2593 879 2668 synodum
925 2593 1067 2652 anni
1116 2593 1243 2652 664
1290 2594 1577 2671 suscepit,
1639 2594 1938 2670 profectas
1984 2612 2110 2652 esse
2155 2592 2386 2652 censuit
2431 2613 2468 2650 a
2512 2591 2834 2652 Scotorum

586 2680 651 2738 in
680 2681 983 2739 Romanos
1028 2681 1184 2741 odio.
1245 2682 1381 2755 Qua
1426 2683 1499 2740 de
1546 2702 1724 2742 causa
1769 2683 1964 2740 facere
2010 2701 2129 2741 non
2160 2701 2416 2758 possum,
2463 2681 2611 2757 quin
2639 2700 2833 2758 pauca

585 2768 661 2827 de
705 2768 807 2826 illa
852 2789 917 2826 re
962 2767 1268 2828 disseram.

766 2855 1080 2917 wilfridus
1109 2857 1312 2934 igitur,
1344 2856 1588 2916 natione
1610 2856 1850 2935 Anglus
1879 2858 1954 2916 de
1973 2864 2151 2935 gente
2175 2859 2233 2918 N
2233 2858 2828 2934 ordanhymbrorum,

586 2945 651 3004 in
711 2945 1087 3006 monasteriis
1144 2945 1393 3023 patriae⁸
1436 2965 1579 3004 suae
1643 2947 1908 3005 eruditus
1969 2952 2123 3020 erat,
2183 2947 2287 3006 sed
2350 2947 2415 3006 in
2461 2945 2706 3018 Cantia,
2764 2945 2834 3006 in

590 3032 793 3092 Gallia
839 3039 901 3092 et
944 3034 1075 3112 ipsa
1116 3035 1330 3107 Roma,
1380 3053 1557 3111 quam
1603 3035 1952 3113 peregrinus
1999 3035 2256 3108 adierat,
2303 3036 2376 3094 de
2421 3035 2836 3094 Romanorum

586 3121 849 3181 moribus
896 3122 1139 3182 edoctus
1184 3123 1498 3182 Scotorum
1542 3123 1809 3184 moribus
1853 3123 2125 3183 meliores
2170 3144 2296 3183 esse
2341 3124 2473 3183 illos
2519 3123 2668 3182 adeo
2718 3124 2835 3186 sibi

584 3217 987 3288 persuaserat,
1046 3218 1118 3271 ut
1174 3231 1445 3272 reversus
1506 3212 1569 3270 in
1626 3213 1887 3288 patriam
1946 3212 2104 3271 inter
2158 3212 2380 3289 primos
2427 3232 2561 3271 cum
2608 3212 2835 3290 ubique

586 3304 715 3358 tum
760 3299 824 3358 in
868 3300 1095 3375 synodo
1140 3299 1284 3358 anni
1317 3300 1446 3360 664
1475 3300 1778 3360 Romanos
1809 3300 2204 3360 admiratione
2237 3302 2564 3360 celebraret
2594 3300 2832 3378 (Steph.

584 3386 741 3445 Edd.
773 3388 878 3446 vit.
902 3387 1099 3448 Wilfr.
1131 3387 1347 3460 I--X3
1379 3388 1547 3448 Beda
1576 3388 1636 3446 h.
1667 3410 1717 3448 0.
1753 3390 1810 3463 3,
1844 3391 1991 3463 227,
2025 3391 2096 3448 cf.
2128 3388 2368 3466 Bright,
2399 3410 2458 3466 p.
2496 3390 2617 3448 187
2653 3391 2834 3467 8(1(1.).

586 3474 739 3533 Eam
784 3476 975 3552 ipsam
1020 3477 1099 3535 ob
1146 3496 1382 3537 causam
1430 3477 1640 3537 habita
1686 3478 1910 3554 synodo
1957 3478 2182 3536 electus
2227 3483 2333 3550 est,
2382 3477 2486 3555 qui
2518 3477 2834 3556 episcopus

584 3562 980 3622 Eboracensis
1039 3563 1229 3624 fieret.
1332 3564 1453 3624 Sed
1512 3585 1648 3624 cum
1706 3567 1770 3624 in
1829 3565 2059 3639 Gallia,
2131 3585 2311 3643 quam
2372 3567 2835 3626 consecrationis

586 3670 763 3710 causa
806 3651 1091 3730 petierat,
1137 3653 1361 3713 diutius
1406 3659 1765 3728 moraretur,
1811 3675 1918 3712 rex
1963 3653 2150 3714 Osviu
2195 3653 2544 3714 consentiam
2588 3651 2688 3725 iis,
2727 3653 2838 3734 qui

584 3747 821 3821 quarta-
801 3737 1195 3800 -decimanam
1244 3749 1485 3820 partem
1538 3751 1742 3803 contra
1793 3742 1948 3804 sedis
2001 3739 2353 3822 apostolicae
2403 3731 2669 3823 reqedam
2719 3739 2836 3801 sibi

586 3824 867 3908 eliqerum
921 3829 1101 3906 (Edd.
1155 3829 1261 3888 vit.
1307 3829 1507 3888 Wilfr.
1553 3831 1734 3904 XIV,
1780 3853 1838 3910 p.
1889 3831 2043 3908 685)
2099 3851 2256 3890 anno
2318 3835 2444 3892 666
2510 3830 2832 3904 Oeaddam,

587 3915 778 3976 Ceddi
839 3917 1169 3996 supradicti
1230 3919 1504 3991 fratrem,
1564 3919 1630 3976 in
1678 3919 1956 3979 Cantiam
2019 3919 2184 3980 misit
2241 3921 2707 3980 consecrandum
2768 3920 2834 3980 in

585 4004 776 4066 locum
837 4007 1101 4066 absentis
1148 4005 1417 4067 Wilfridi
1463 4007 1658 4082 (Beda
1701 4010 1759 4065 h.
1807 4029 1857 4066 e.
1908 4009 1973 4081 3,
2037 4009 2147 4081 28,
2195 4011 2230 4086 ξ
2279 4009 2426 4081 243,
2489 4010 2562 4068 cf.
2610 4009 2834 4086 Bright

586 4094 663 4152 21
679 4095 708 4151 1
763 4096 894 4170 sq.).
964 4096 1190 4173 Negari
1234 4096 1423 4172 igitur
1467 4117 1589 4154 11011
1634 4103 1837 4174 potest
1884 4097 2227 4156 wilfridum
2273 4098 2403 4156 loco
2449 4117 2556 4157 suo
2603 4104 2835 4158 motum

586 4201 713 4242 esse
773 4203 893 4240 non
956 4183 1082 4242 sine
1143 4203 1324 4260 opera
1386 4204 1588 4242 eorum
1605 4228 1620 4257 ,
1692 4186 1797 4262 qui
1855 4185 2262 4244 Romanorum
2320 4186 2518 4246 minus
2579 4186 2836 4247 studiosi

587 4276 776 4343 erant,
825 4291 1001 4347 quam
1046 4272 1193 4351 ipse.
1260 4271 1486 4331 Tamen
1516 4273 1663 4332 haec
1709 4273 1910 4332 omnia
1956 4293 2087 4333 cum
2119 4275 2520 4335 controversia
2563 4273 2836 4352 paschali
