3167 4900
1554 231 1988 291 ...64-

841 411 1049 470 Skenii
1080 432 1221 470 vero
1270 414 1610 487 conjectura
1656 432 1729 469 ne
1776 411 1968 469 dicam
1999 411 2150 469 falsa
2197 417 2358 469 certe
2404 408 2744 469 verisimilis
2775 427 2904 468 non

652 506 760 575 est,
814 534 887 545 --
940 500 1102 576 quod
1146 500 1443 577 explicare
1490 502 1733 576 longum
1781 506 1872 558 est
1887 544 1901 573 ,
1961 501 2213 557 alterum
2273 500 2460 576 igitur
2517 499 2665 557 illud
2711 499 2902 557 fuisse

650 595 815 669 puto.
893 588 1108 665 Itaque
1155 588 1227 646 de
1274 589 1593 667 episcopis,
1640 595 1710 647 ιιι
1753 588 1840 647 ita
1885 588 2096 661 dicam,
2143 587 2658 647 monasterialibus
2703 607 2902 664 pauca

649 678 950 758 prioribus
998 677 1269 736 addenda
1318 684 1473 737 sunt.

828 766 1158 825 Affirmant
1204 766 1359 823 enim
1407 766 1671 825 Toddius
1717 767 1815 841 (cf.
1862 766 2135 842 Loening
2178 787 2236 842 p.
2270 766 2397 823 445
2445 771 2568 825 not.
2615 767 2696 841 l),
2745 763 2897 823 Ske-

651 857 783 915 nius
845 855 969 932 (II,
1032 875 1089 932 p.
1137 855 1268 931 44),
1331 856 1435 913 alii
1494 855 1838 933 saepissime
1898 855 1961 913 in
2021 854 2394 913 monasteriis
2455 853 2770 913 Scotorum
2829 853 2906 911 in

650 945 1069 1004 monachorum
1118 963 1361 1003 numero
1407 944 1588 1003 fuisse
1633 963 1816 1002 unum
1861 944 1958 1002 vel
2003 944 2121 1002 duo
2168 944 2491 1021 episcopos,
2541 943 2645 1019 qui
2691 940 2898 1000 omnia

650 1034 980 1093 ministeria
1026 1032 1413 1111 episcopalia,
1462 1052 1614 1109 quae
1659 1052 1808 1111 opus
1857 1038 2054 1105 erant,
2103 1032 2602 1091 administrabant
2618 1076 2632 1103 ,
2681 1031 2896 1089 nihilo-

651 1123 845 1181 minus
892 1127 1107 1193 autem,
1155 1127 1447 1197 quatenus
1478 1121 1753 1180 monachi
1797 1127 1985 1194 erant,
2033 1121 2240 1179 abbati
2281 1121 2534 1196 subjecti
2563 1126 2894 1180 manerent.

649 1212 826 1270 Hanc
872 1211 1248 1283 sententiam,
1295 1211 1367 1269 de
1415 1231 1533 1287 qua
1580 1231 1764 1287 supra
1794 1211 1978 1269 verba
2007 1230 2128 1267 non
2158 1210 2290 1283 feci,
2339 1211 2478 1285 quia
2525 1210 2740 1267 idonea
2773 1229 2894 1267 non

648 1300 902 1373 videtur,
951 1319 1068 1376 qua
1116 1298 1497 1359 confirmetur
1542 1299 1782 1357 omnino
1830 1300 1988 1376 apud
2021 1299 2230 1358 Scotos
2261 1299 2616 1375 dignitatem
2666 1298 2891 1375 episco-

647 1390 843 1467 palem
889 1389 1069 1447 fuisse
1114 1406 1155 1445 a
1208 1385 1487 1466 personal
1536 1388 1662 1447 and
1719 1395 1820 1447 not
1879 1406 1960 1445 an
2003 1384 2218 1469 official
2261 1385 2488 1468 diqnity
2533 1386 2756 1463 (Skene
2803 1385 2891 1459 H,

648 1500 707 1555 p.
757 1477 887 1554 44),
934 1477 1045 1535 hoc
1090 1477 1219 1535 loco
1276 1496 1393 1534 non
1438 1477 1799 1554 impugnem.
1889 1476 2043 1535 Nam
2107 1476 2220 1535 etsi
2279 1477 2610 1549 annalium,
2673 1476 2892 1552 quibus

650 1564 905 1625 Skenius
950 1566 1159 1637 utitur,
1207 1566 1547 1624 testimonia
1594 1567 1818 1625 leviora
1849 1572 2005 1637 sunt,
2053 1571 2252 1624 tamen
2299 1573 2361 1624 et
2393 1564 2644 1635 Toddio,
2689 1584 2892 1622 rerum

649 1654 1110 1713 Hibernicarum
1156 1654 1541 1733 peritissimo,
1590 1656 1696 1713 ubi
1743 1655 1817 1713 de
1863 1655 2034 1713 factis
2081 1655 2306 1731 agitur,
2367 1654 2544 1713 fidem
2593 1654 2891 1729 denegare

648 1743 795 1801 mihi
839 1763 959 1802 non
1004 1743 1161 1815 licet,
1210 1749 1271 1801 et
1316 1743 1442 1820 ipse
1487 1764 1615 1801 rem
1659 1744 1866 1821 paucis
1913 1743 2264 1802 confirmare
2320 1762 2576 1821 possum.
2666 1742 2893 1801 Exstat

650 1833 805 1890 enim
852 1832 1012 1909 apud
1056 1831 1479 1891 Adamnanum
1524 1833 1750 1891 mentio
1807 1833 2069 1911 episcopi
2116 1832 2424 1907 cujusdam
2467 1831 2515 1890 J
2514 1852 2664 1890 onae
2709 1852 2892 1909 saepe

650 1921 1069 1981 commorantis
1116 1923 1199 1996 (1,
1251 1922 1352 1993 29,
1401 1943 1459 1999 p.
1494 1922 1640 1994 208,
1690 1921 1762 1981 cf.
1815 1922 1867 1994 1,
1908 1922 2004 1992 17,
2053 1942 2113 1998 p.
2146 1920 2302 1995 204)
2349 1927 2410 1979 et
2455 1922 2614 1997 apud
2657 1919 2892 1978 Bedam

649 2011 909 2083 alterius,
941 2008 1177 2068 nomine
1211 2009 1506 2083 Oeollach,
1539 2010 1780 2069 natione
1812 2008 1993 2081 Scoti,
2041 2009 2146 2085 qui
2175 2030 2294 2068 non
2325 2010 2514 2067 multo
2543 2017 2681 2086 post
2711 2029 2894 2086 quam

650 2099 1053 2177 episcopatum
1130 2098 1690 2157 mediterraneorem
1751 2097 2092 2175 Anglorum
2159 2098 2332 2157 simul
2405 2105 2466 2158 et
2537 2098 2893 2157 Marciorum

650 2192 993 2265 susceperat
1010 2231 1024 2260 ,
1070 2184 1264 2246 relicto
1310 2186 1646 2269 episcopatu
1689 2206 1950 2246 reversus
1995 2195 2080 2247 est
2121 2186 2205 2246 ad
2249 2184 2506 2246 insulam
2550 2182 2667 2245 Hiz·
2709 2188 2792 2263 (h.
2841 2208 2893 2245 e.

652 2276 708 2348 3,
760 2277 860 2348 21,
908 2276 942 2353 g
993 2276 1163 2352 212).
1252 2276 1469 2352 Itaque
1516 2277 1628 2335 etsi
1674 2276 1900 2349 nescio,
1958 2276 2175 2352 quibus
2221 2276 2578 2335 testimoniis
2625 2274 2894 2335 Toddius

646 2384 773 2422 rem
820 2364 1290 2438 confirmaverit,
1336 2371 1538 2423 tamen
1586 2386 1705 2423 non
1751 2366 1962 2424 dubito
2009 2364 2157 2424 adeo
2205 2366 2260 2423 ei
2321 2366 2498 2424 fidem
2545 2365 2892 2441 adjungere,

646 2461 733 2514 ut·
763 2455 1076 2514 concedam
1120 2454 1251 2513 fieri
1295 2455 1574 2532 potuisse,
1623 2462 1694 2514 ut
1737 2455 1799 2512 in
1845 2455 1966 2514 illis
2011 2456 2384 2514 monasteriis
2401 2499 2416 2529 ,
2464 2474 2616 2531 quae
2664 2455 2892 2533 episco-

646 2545 841 2621 palem
888 2547 951 2602 in
997 2563 1104 2602 sua
1150 2544 1391 2620 regione
1436 2546 1728 2621 gerebant
1773 2565 2001 2618 curam,
2061 2565 2180 2603 non
2237 2545 2354 2624 ipsi
2414 2545 2664 2604 abbates
2709 2544 2892 2602 iidem

646 2633 909 2710 episcopi
956 2640 1153 2691 essent
1198 2634 1303 2691 sed
1348 2653 1501 2691 unus
1547 2655 1621 2692 ex
1673 2634 2000 2706 monachis,
2063 2634 2164 2710 qui
2223 2639 2424 2692 tamen
2483 2633 2694 2692 abbati
2750 2634 2890 2692 sub-

640 2723 837 2795 jectus
896 2727 1181 2778 maneret.
1273 2719 1393 2780 Sed
1456 2743 1590 2780 raro
1651 2722 1763 2781 hoc
1822 2725 2046 2782 factum
2107 2743 2232 2781 esse
2277 2729 2426 2798 puto
2473 2742 2664 2798 neque
2711 2723 2894 2781 moris

643 2809 827 2867 fuisse
870 2808 1024 2866 sicut
1071 2809 1130 2867 in
1164 2810 1520 2868 monasterio
1552 2810 1809 2884 Hiiensi,
1857 2812 1961 2870 sed
2007 2831 2146 2869 casu
2175 2812 2398 2869 factum
2444 2831 2587 2883 esse,
2635 2812 2686 2869 si
2732 2813 2892 2869 forte

642 2897 829 2956 abbas
876 2897 1255 2979 excusatione
1298 2899 1675 2958 monachicae
1721 2900 2044 2960 modestiae
2091 2899 2444 2976 dignitatem
2491 2900 2890 2977 episcopalem

644 2986 993 3063 deprecatus
1040 2992 1189 3048 erat.

823 3075 1181 3154 Exemplum
1210 3075 1385 3152 hujus
1432 3076 1517 3135 rei
1563 3077 1693 3154 ipse
1725 3097 1844 3136 non
1873 3077 2076 3135 inveni
2105 3077 2221 3136 nisi
2251 3077 2591 3154 Virgilium,
2625 3075 2889 3150 Scotum,

646 3163 986 3243 episcopum
1016 3165 1064 3224 J
1064 3185 1419 3225 uvavensem
1450 3165 1521 3241 (†
1555 3167 1710 3241 784)
1758 3166 1878 3241 qui,
1925 3166 2110 3224 donec
2155 3166 2282 3244 ipse
2323 3165 2640 3245 episcopus
2681 3185 2886 3224 conse-

644 3258 843 3312 cratus
867 3259 974 3326 est,
995 3253 1077 3312 ad
1100 3254 1571 3331 administranda
1603 3254 1934 3313 ministeria
1965 3255 2324 3333 episcopalia
2353 3275 2494 3314 usus
2525 3261 2618 3314 est
2640 3255 2886 3314 Dobda-

644 3361 821 3417 greco
881 3341 1159 3420 episcopo
1222 3348 1285 3400 et
1343 3342 1475 3421 ipso
1536 3343 1778 3401 natione
1825 3342 2004 3402 Scoto
2053 3344 2151 3418 (cf.
2213 3343 2540 3420 Rettberg,
2588 3343 2886 3402 Kirchen-

644 3429 983 3504 geschichte
1015 3431 1457 3489 Deutschlands
1504 3430 1589 3503 H,
1637 3453 1694 3508 p.
1730 3433 1857 3489 233
1905 3452 2008 3507 sq.,
2051 3433 2122 3489 cf.
2169 3452 2228 3509 p.
2263 3433 2392 3491 234
2438 3439 2562 3491 not.
2614 3434 2740 3509 18),
2781 3432 2889 3491 sed

644 3516 777 3574 ideo
824 3518 996 3575 facile
1042 3519 1189 3576 mihi
1234 3528 1655 3596 persuaserunt
1687 3518 1950 3579 Toddius
1997 3527 2058 3580 et
2089 3519 2361 3594 Skenius,
2407 3521 2570 3598 quod
2613 3523 2730 3581 nisi
2775 3522 2886 3579 hac

644 3625 709 3662 re
756 3606 1131 3666 manifestum
1177 3628 1295 3666 non
1342 3607 1427 3681 fit,
1477 3609 1770 3685 quomodo
1814 3609 1946 3668 fieri
1990 3611 2279 3687 potuerit,
2327 3617 2396 3669 ut
2441 3630 2886 3687 nonnumquam

644 3694 708 3752 in
764 3695 1061 3753 Hibernia
1108 3696 1394 3772 (Adamn.
1449 3698 1557 3758 vit.
1615 3697 1744 3756 Col.
1798 3701 1850 3771 1,
1904 3700 2002 3771 17,
2048 3720 2108 3777 p.
2157 3699 2312 3771 2043
2366 3702 2420 3770 l,
2470 3701 2572 3772 29,
2619 3721 2678 3778 p.
2730 3700 2884 3771 2083

650 3785 704 3857 1,
755 3783 855 3857 35,
901 3805 960 3862 p.
1011 3786 1163 3862 210)
1212 3792 1273 3844 et
1332 3787 1676 3864 saepissime
1733 3788 2164 3865 posterioribus
2209 3789 2579 3867 temporibus
2625 3788 2688 3846 in
2737 3787 2884 3846 Ger-

645 3874 841 3933 mania
904 3881 1215 3933 occurrant
1274 3875 1446 3935 nobis
1508 3876 1774 3955 episcopi
1843 3876 2310 3953 peregrinantes.
2415 3878 2570 3937 Nam
2630 3898 2764 3936 cum
2821 3877 2885 3935 in

642 3962 940 4021 Hibernia
986 3964 1347 4043 episcopales
1395 3965 1563 4023 sedes
1607 3965 1696 4022 ita
1727 3984 1858 4022 cum
1890 3966 2264 4025 monasteriis
2298 3969 2614 4042 conjuncta
2645 3966 2885 4040 fuerint,

642 4057 713 4109 ιιι
757 4072 935 4128 penes
979 4053 1111 4131 ipsa
1158 4053 1519 4112 monasteria
1562 4053 1933 4131 principatus
1978 4054 2310 4115 dioeceseos
2362 4056 2547 4114 fuisse
2595 4057 2886 4128 videatur,

644 4147 897 4219 apparet
942 4141 1015 4200 iis
1062 4142 1379 4220 episcopis,
1428 4142 1531 4219 qui
1578 4142 1709 4202 vice
1755 4142 1992 4202 abbatis
2049 4146 2204 4203 forte
2251 4145 2586 4204 consecrari
2631 4145 2888 4204 nolentis

648 4230 1081 4308 episcopalibus
1128 4231 1473 4290 ministeriis
1518 4232 1949 4309 fungebantur,
2010 4238 2134 4292 tam
2179 4240 2407 4293 arctam
2453 4253 2588 4292 cum
2635 4255 2742 4293 sua
2789 4234 2887 4294 vel

644 4319 863 4377 rectius
908 4319 1145 4378 abbatis
1189 4319 1442 4378 dioecesi
1488 4321 1982 4380 necessitudinem
2039 4341 2158 4380 non
2219 4322 2402 4382 fuisse
2417 4368 2431 4397 ,
2493 4329 2562 4382 ut
2619 4324 2672 4381 si
2731 4325 2888 4382 forte
