3167 4900
1206 225 1650 285 -35-

439 405 522 464 sic
567 405 789 483 scripta
838 406 1118 482 (Betham
1165 409 1202 464 l.
1246 428 1292 464 c.
1325 428 1382 483 p.
1417 405 1611 465 XXV
1642 408 1785 483 sq.)·
1836 399 2040 466 XIII
2068 427 2223 468 anno
2260 405 2551 470 Theotosii

440 492 826 575 Imperatori-3
871 515 909 552 a
945 492 1224 556 Celestino
1270 494 1543 574 episcopo
1573 493 1752 575 Papa
1793 492 2027 556 Romae
2057 495 2353 556 Patricius
2398 495 2543 580 epis-

437 601 616 662 copus
662 583 747 642 ad
791 583 1122 643 doctrinam
1168 578 1476 643 Scotorum
1517 581 1789 655 mittitur,
1837 584 1939 666 qui
1978 583 2291 645 Celestinus
2338 581 2559 646 XLII

438 670 740 751 episcopus
785 692 825 731 a
855 667 1036 733 Petro
1081 669 1344 752 apostolo
1388 671 1450 732 in
1479 670 1625 731 urbe
1656 669 1903 734 Romae.
1942 709 2015 718 -—
2054 671 2371 734 Palladius
2400 673 2545 756 epis·

439 779 618 840 cqms
662 760 866 842 primo
911 760 1156 821 mittitur
1197 760 1300 842 qui
1341 757 1462 820 alio
1503 760 1735 821 nomine
1780 759 2075 822 Patricius
2118 761 2546 845 appellabatur,

437 848 540 930 qui
580 848 936 928 martyrium
971 869 1186 930 passus
1231 858 1310 909 est
1357 849 1522 930 apud
1552 847 1775 921 ScotoS,
1823 859 1889 909 ut
1930 851 2173 910 tradunt
2216 851 2402 911 sancti
2444 873 2545 912 an·

439 937 596 1019 tiqui.
673 935 908 998 Deinde
937 937 1236 998 Patricius
1277 937 1560 998 secundus
1592 937 1667 997 ab
1696 936 1932 1020 anyaeli
1958 938 2055 998 dei
2098 935 2294 999 Victor
2320 940 2551 1000 nomine

440 1035 492 1085 et
525 1023 800 1087 Celestino
833 1047 1040 1108 papae
1066 1026 1327 1098 mittitur,
1373 1026 1470 1086 cui
1497 1023 1790 1086 Hibernia
1828 1036 1948 1087 tota
1978 1026 2242 1101 credidit,
2291 1029 2393 1111 qui
2420 1048 2550 1088 eam

427 1135 624 1194 paene
667 1125 850 1175 totam
895 1115 1225 1196 baptizavit.

310 1201 410 1261 10.
445 1204 586 1263 Alia
611 1207 836 1264 leviora
859 1207 932 1264 de
956 1207 1176 1265 honore
1199 1205 1464 1265 Patricio
1488 1206 1691 1266 debito
1712 1205 1994 1282 (Betham
2017 1207 2055 1264 l.
2074 1227 2119 1264 c.
2136 1228 2193 1284 p.
2208 1205 2549 1284 XXXVI).

311 1292 412 1350 11.
453 1293 633 1368 „Alia
713 1315 904 1372 pauca
981 1296 1256 1354 serotinis
1337 1296 1703 1372 temporibus
1787 1297 2031 1355 inventa
2100 1296 2339 1372 suisque
2407 1297 2551 1356 locis

439 1384 774 1441 narranda“
829 1390 890 1442 et
943 1385 1074 1462 ipsa
1131 1385 1580 1442 annotationum
1637 1405 1800 1442 more
1849 1385 2181 1462 conscripta
2226 1405 2345 1444 non
2390 1387 2549 1445 vitae

441 1472 620 1548 idque
666 1473 888 1549 partim
921 1473 1248 1531 Hibernico
1295 1474 1516 1550 partim
1563 1474 1753 1532 latino
1802 1493 2069 1532 sermone
2101 1471 2380 1550 (Betham
2429 1477 2468 1532 1.
2502 1495 2549 1533 c.

437 1582 496 1638 p.
543 1560 1160 1623 XXXVI—XLIII
1207 1569 1269 1621 et
1315 1563 1626 1639 anglicane
1671 1562 1909 1622 reddita
1953 1562 2031 1621 ib.
2078 1584 2135 1640 p.
2172 1563 2550 1636 393—4123

437 1654 660 1725 majore
715 1651 1028 1728 diligentia
1085 1659 1148 1709 et
1193 1651 1352 1709 edita
1399 1657 1462 1710 et
1504 1652 1566 1708 in
1616 1651 2017 1728 Anglicanum
2063 1653 2359 1711 conversa'
2390 1652 2550 1729 apud

440 1739 674 1812 Stokes,
721 1738 1031 1799 Goidelica
1079 1740 1168 1798 ed.
1227 1741 1284 1797 2.
1353 1740 1541 1798 1874.
1604 1761 1662 1817 p.
1711 1741 1794 1797 83
1843 1743 2015 1817 sqq.).
2108 1741 2275 1814 Quae
2322 1763 2357 1798 a
2405 1762 2547 1817 quo-

439 1848 574 1886 nam
623 1829 958 1907 conscripta
1005 1830 1154 1902 sint,
1203 1829 1512 1902 nescimus,
1559 1849 1753 1905 neque
1800 1829 2210 1902 Tirechanum,
2256 1837 2325 1887 u't
2370 1831 2548 1906 vulgo

439 1923 712 1994 putatur,
775 1939 966 1995 neque
1025 1918 1398 1980 Muirchuum
1445 1917 1686 1993 (Stokes
1739 1939 1797 1994 p.
1846 1919 1955 1995 84)
2015 1925 2315 1977 auctorem
2370 1919 2549 1978 fuisse

440 2007 582 2064 licet
627 2006 950 2079 affirmare,
1013 2008 1115 2065 sed
1163 2006 1399 2083 quando
1447 2007 1776 2085 composita
1822 2007 1968 2080 sint,
2025 2027 2145 2066 non
2190 2008 2364 2080 latet,
2411 2029 2548 2066 nam

439 2095 681 2153 ineunte
744 2096 976 2154 saeculo
1037 2101 1248 2154 octavo
1309 2097 1537 2173 priores
1599 2115 1719 2154 non
1780 2115 1906 2154 esse
1968 2096 2073 2154 has
2133 2097 2551 2155 annotationes

438 2185 902 2244 luculentissime
949 2187 1340 2262 comprobant
1385 2187 1625 2244 nomina
1656 2186 2084 2264 episcoporum,
2132 2184 2205 2242 de
2238 2185 2455 2261 quibus
2481 2185 2553 2244 fit

441 2273 665 2332 mentio
713 2275 810 2348 (cf.
860 2273 1076 2332 Stokes
1124 2296 1182 2352 p.
1231 2274 1360 2349 83).

487 2363 625 2437 (12)
699 2362 1053 2440 ‚‚Oapitula“
1124 2364 1220 2422 vel
1290 2364 1742 2437 „annotationes
1805 2361 1991 2420 Aidi“
2063 2363 2345 2438 (Betham
2404 2363 2442 2423 l.
2503 2384 2549 2421 c.

301 2474 363 2529 p.
411 2450 642 2508 XLIII
689 2456 801 2528 sq.)
849 2452 967 2511 vid.
1016 2474 1196 2530 supra
1243 2472 1350 2511 nro
1402 2456 1454 2511 1.

311 2542 412 2597 12.
445 2540 629 2599 Liber
659 2542 883 2618 Angeli
917 2542 1197 2617 (Betham
1244 2542 1281 2599 l.
1330 2563 1379 2599 c.
1421 2564 1478 2619 p.
1509 2540 2151 2616 XLIV—XLVIII),
2200 2562 2373 2617 quem
2405 2540 2549 2599 Ske-

441 2630 588 2703 nius,
635 2650 767 2687 cum
815 2630 886 2689 de
935 2652 1004 2688 eo
1049 2632 1233 2690 verba
1280 2650 1398 2689 non
1430 2631 1629 2702 faciat,
1676 2629 1834 2688 haud
1864 2630 1984 2688 scio
2018 2650 2094 2689 an
2126 2636 2356 2707 partem
2388 2630 2551 2687 vitae

442 2718 737 2777 Muirchui
795 2720 1171 2794 judicaverit.
1263 2718 1446 2778 Gerto'
1506 2719 1811 2795 cujusdam
1871 2719 2010 2777 libri
2069 2740 2209 2795 pars
2256 2726 2373 2791 est,
2433 2738 2551 2777 non

440 2807 568 2883 ipse
615 2808 850 2883 integer
897 2808 1139 2885 quidam
1186 2807 1447 2879 libellus,
1506 2827 1697 2883 neque
1744 2808 1817 2865 de
1863 2807 2115 2866 Patricii
2160 2809 2287 2867 vita
2332 2809 2393 2865 in
2442 2808 2553 2866 hoc

441 2897 594 2954 libro
658 2898 974 2973 quicquam
1029 2898 1186 2955 inest
1230 2896 1346 2955 nisi
1392 2914 1714 2968 sermones,
1777 2916 1924 2973 quos
1971 2916 2101 2955 cum
2149 2899 2361 2973 angelo
2409 2917 2551 2973 quo-

443 2986 578 3042 dam
625 2984 929 3043 Patricius
981 2987 1256 3044 habuisse
1313 2986 1534 3045 dicitur
1579 2991 1643 3043 et
1688 2984 1805 3043 alia
1850 2982 2164 3043 maximam
2211 2986 2273 3043 in
2320 2993 2552 3061 partem

441 3074 685 3132 leviora.

485 3160 583 3220 Ex
625 3164 717 3221 his
763 3164 834 3221 de
865 3162 1131 3222 Patricio
1174 3163 1528 3222 testimoniis
1561 3182 1645 3233 ea,
1695 3182 1847 3238 quae
1881 3160 1937 3234 5,
1989 3163 2044 3234 6,
2094 3164 2151 3233 7,
2200 3162 2259 3232 8,
2312 3162 2391 3219 10
2424 3163 2551 3221 loco

304 3252 613 3329 posuimus
630 3296 644 3325 ,
713 3252 798 3309 nil
865 3253 1151 3311 momenti
1211 3251 1465 3310 afferunt
1529 3270 1717 3326 eaque
1776 3250 1851 3307 de
1912 3268 2089 3308 causa
2148 3252 2552 3327 neglegentur.

305 3340 622 3398 Postrema
653 3347 849 3399 autem
885 3350 1140 3417 quatuor
1162 3341 1398 3398 illarum
1423 3338 1874 3398 annotationum
1898 3358 2079 3417 supra
2103 3340 2211 3397 sub
2239 3341 2276 3396 2
2302 3360 2551 3398 comme-

305 3438 675 3487 moratarum
722 3431 834 3489 etsi
864 3430 1196 3489 Patricium
1243 3429 1564 3505 aliquando
1597 3429 1825 3486 Romae
1870 3428 2053 3487 fuisse
2084 3428 2273 3501 docet,
2304 3464 2379 3473 -—
2416 3446 2555 3488 nam

305 3518 393 3576 ibi
451 3518 854 3577 Feredachum
919 3519 1213 3595 quendam
1275 3539 1312 3575 a
1365 3516 1631 3599 Patricio
1690 3517 1754 3576 in
1816 3517 2189 3577 sacerdotum
2249 3508 2573 3577 numerum*

303 3615 614 3683 receptum
661 3628 786 3666 esse
831 3613 1040 3667 narrat
1092 3642 1166 3651 —-
1215 3614 1416 3665 tamen
1463 3614 1526 3665 et
1571 3607 1728 3684 ipsa,
1793 3607 1933 3682 quia
1979 3607 2282 3665 obscurior
2328 3614 2434 3680 est,
2497 3615 2557 3667 et

303 3697 728 3754 antecedentes
773 3702 896 3754 tres
940 3696 1268 3757 levissimae
1315 3694 1523 3753 itidem
1568 3695 1974 3772 neglegendae
2013 3701 2169 3754 sunt.
2244 3697 2453 3773 Neque
2484 3698 2557 3753 de

305 3786 464 3843 libro
513 3784 734 3859 Angeli
793 3785 968 3861 plura
1022 3785 1244 3851 dicam,
1309 3783 1448 3859 quia
1509 3785 1594 3840 nil
1658 3786 1939 3843 momenti
2000 3783 2177 3843 affert
2228 3784 2305 3843 ad
2353 3786 2555 3843 adum-

305 3874 602 3931 brandam
663 3872 917 3931 Patricii
977 3874 1178 3933 vitam.
1271 3872 1452 3931 Certo
1513 3892 1655 3931 vero
1716 3893 1836 3931 non
1896 3872 2173 3951 impedit,
2244 3872 2557 3948 quominus

305 3962 641 4020 Patricium
675 3961 903 4021 Romae
949 3963 1128 4021 fuisse
1169 3968 1462 4065 putemus,
1509 3982 1647 4019 nam
1679 3962 1855 4019 finxit
1885 3964 1979 4020 vel
2010 3963 2195 4019 refert
2224 3960 2557 4020 Patricium

307 4048 626 4110 decrevisse
672 4071 873 4110 omnes
921 4072 1125 4110 causas
1171 4051 1476 4127 graviores
1522 4042 1607 4108 ad
1647 4044 1840 4109 sedem
1868 4046 2251 4128 apostolicam
2280 4068 2397 4109 esse
2426 4048 2556 4107 mit-

307 4138 517 4199 tendas
561 4138 599 4199 i.
633 4158 677 4198 e.
714 4139 797 4198 ad
826 4137 992 4198 Petri
1017 4134 1272 4221 apostoli
1313 4135 1653 4199 cathedram
1697 4136 2095 4197 auctoritatem
2125 4134 2357 4197 Romae
2398 4136 2559 4197 urbis

283 4226 483 4312 finem
529 4222 615 4307 (?)
673 4226 952 4304 (Betham
999 4228 1095 4302 ΙΙ,
1151 4250 1286 4307 app.
1333 4250 1390 4306 p.
1436 4226 1771 4305 XLVIH).
1860 4228 2075 4304 Itaque
2135 4228 2209 4285 de
2263 4228 2561 4287 Muirchui

310 4318 467 4390 vita,
515 4317 588 4376 de
635 4316 812 4376 dictis
857 4316 1136 4391 Patricii,
1197 4318 1271 4375 de
1318 4317 1638 4376 Tirechani
1685 4317 2195 4390 annotationibus,
2258 4316 2331 4375 de
2378 4338 2558 4377 anno·

2059 4418 2131 4472 3*
