3167 4900
1207 224 1645 286 ..49...

311 402 467 477 Quid
538 403 778 478 mirum,
853 406 1009 480 quod
1077 405 1139 464 in
1211 407 1364 466 libro
1425 405 1849 466 Ardmachano
1914 407 2027 467 hoc
2094 407 2221 468 Ioco
2292 409 2546 488 margini

307 491 626 568 ascriptum
675 500 789 552 est:
836 492 1127 564 „incertus
1155 493 1335 555 lihw‘
1365 496 1472 571 (H.
1504 496 1625 554 and
1654 495 1741 555 St.
1772 496 1859 569 Π,
1895 498 1951 570 2,
1984 519 2042 574 p.
2076 499 2203 556 300
2236 505 2358 557 not.
2397 500 2547 576 15)?

308 580 450 656 quid
495 581 728 654 mirum,
776 583 933 659 quod
980 583 1128 640 illud
1173 603 1287 654 „ex
1330 605 1370 644 a
1419 578 1689 644 Gallias“
1731 585 1796 643 in
1840 585 2042 644 codice
2086 607 2243 648 mon.
2292 587 2393 646 St.-
2427 589 2544 648 Ve-

305 669 484 740 dasti,
550 691 666 746 quo
723 670 1048 730 Bollandus
1104 692 1246 730 usus
1303 679 1392 732 est
1447 674 1552 750 (H.
1584 673 1704 732 and
1736 673 1823 732 St.
1855 675 1893 732 l.
1926 676 2003 750 c.)
2014 719 2030 748 ,
2076 675 2353 735 omissum
2416 677 2547 736 est?

306 758 534 832 Quodsi
581 760 864 818 nonnulla
911 759 1124 820 omissa
1171 769 1310 819 sunt
1343 797 1423 806 -—
1457 783 1651 838 neque
1698 762 1973 821 dubitare
2018 763 2176 836 licet,
2225 766 2370 841 quin
2415 786 2547 843 per-

303 848 492 906 multa
539 849 752 906 omissa
797 849 945 921 sint,
1007 870 1142 907 nam
1189 851 1424 929 saepius
1469 851 1534 908 in
1579 852 1733 910 libro
1780 850 2199 912 Ardmachano
2244 854 2548 913 invenitur

301 943 398 1005 „et
425 932 690 1017 reliqua“
721 937 826 1012 (Η.
850 937 971 996 and
994 937 1081 996 St.
1115 938 1199 1011 II,
1234 941 1291 1011 2,
1323 961 1381 1016 p.
1409 940 1533 998 307
1569 948 1693 999 not.
1721 941 1803 998 28
1832 946 1891 999 et
1917 942 2024 1017 31)
2056 977 2154 1014 —,
2185 942 2325 1001 licet
2355 944 2543 1020 suspi-

303 1024 427 1082 cari
473 1025 655 1084 etiam
701 1025 774 1083 de
819 1027 1136 1086 itineribus
1181 1026 1434 1087 Patricii
1476 1049 1587 1106 per
1633 1027 1859 1088 Gallias
1906 1036 2087 1105 atque
2118 1031 2358 1090 Italiam
2403 1032 2543 1090 olim

300 1113 362 1170 in
411 1115 777 1172 confessione
824 1116 1066 1193 planum
1114 1137 1182 1174 ac
1231 1117 1454 1176 clarum
1499 1118 1904 1176 testimonium
1950 1119 2213 1196 potuisse
2273 1120 2543 1180 inveniri.

299 1202 455 1262 Nam
511 1203 700 1261 adhuc
759 1203 934 1264 hodie
991 1205 1052 1262 in
1109 1205 1256 1283 ipsis
1310 1207 1559 1265 Patricii
1618 1206 1857 1284 scriptis
1918 1228 2036 1266 non
2082 1208 2321 1280 desunt,
2394 1230 2544 1286 quae

301 1291 698 1368 suspicionem
771 1300 1049 1353 moveant
1109 1300 1410 1354 auctorem
1479 1297 1542 1354 in
1611 1295 1795 1354 Italia
1862 1297 2047 1356 fuisse
2105 1306 2545 1357 commoratum.

298 1380 536 1454 Nonne,
595 1382 646 1440 si
693 1382 962 1441 audimus
1008 1382 1338 1442 Patricium
1386 1384 1704 1444 dicentem:
1772 1404 1957 1444 manu
2008 1404 2141 1446 mea
2194 1384 2405 1465 sm’psi
2434 1430 2447 1444 .
2480 1431 2494 1444 .
2530 1430 2543 1444 .

296 1466 470 1527 verba
515 1467 624 1528 ista
654 1471 993 1548 (epistulae)
1028 1470 1234 1532 danda
1277 1493 1350 1532 ac
1393 1473 1687 1534 tradenda
1730 1471 2005 1533 militibus
2050 1472 2330 1535 mittenda
2364 1471 2541 1534 Coro-

296 1556 422 1627 tici,
483 1578 599 1618 non
644 1558 776 1619 dico
821 1557 1035 1620 civibus
1079 1559 1221 1620 meis
1266 1570 1434 1642 atque
1478 1561 1691 1621 civibus
1734 1571 2069 1622 sanctorum
2114 1559 2543 1635 Romanorum,

297 1645 401 1704 sed
432 1689 447 1703 .
485 1691 497 1704 .
530 1691 544 1704 .
578 1650 694 1726 (ep.
733 1650 786 1722 l,
817 1670 876 1726 p.
912 1650 1066 1726 314)
1097 1651 1192 1708 vel
1237 1651 1578 1710 laudantem
1627 1652 2105 1710 consuetudinem
2138 1652 2542 1711 Romanorum

297 1737 397 1810 (cf.
461 1740 694 1814 supra),
765 1738 1183 1815 suspicandum
1255 1747 1346 1798 est
1413 1740 1676 1816 aliquam
1735 1760 1999 1817 unquam
2060 1740 2545 1800 consuetudinem

298 1824 482 1883 fuisse
528 1825 794 1885 Patricio
843 1847 976 1884 cum
1019 1826 1348 1888 Romanis?
1393 1828 1586 1887 Immo
1632 1829 1793 1888 haud
1838 1829 1957 1888 scio
1992 1850 2083 1893 ,an
2128 1829 2307 1888 liceat
2352 1830 2542 1908 suspi-

297 1914 424 1970 cari
473 1914 668 1990 ipsum
716 1922 1042 1989 auctorem,
1099 1917 1202 1992 qui
1247 1919 1484 1995 saepius
1532 1939 1563 1976 e
1610 1917 1897 1978 servitute
1944 1918 2262 1977 liberatum
2308 1939 2371 1978 se
2418 1939 2541 1978 esse

297 2001 568 2075 tradidit,
615 2024 652 2061 a
698 2003 890 2063 Gallis
936 2007 1031 2064 vel
1076 2005 1365 2064 Romanis
1413 2027 1538 2066 esse
1583 2009 1971 2083 redemptum.

481 2092 648 2166 Quae
695 2113 826 2151 cum
872 2093 958 2152 ita
1004 2094 1153 2168 sint,
1200 2096 1613 2171 gravissimum
1662 2116 1787 2156 esse
1832 2101 1980 2173 puto
2027 2097 2175 2154 illud
2223 2097 2543 2157 Tirechani

299 2183 394 2254 (cf.
437 2200 616 2258 supra
658 2202 715 2258 p.
761 2184 870 2258 37)
917 2183 1112 2259 ipsum
1174 2184 1501 2243 Patricium
1571 2185 1791 2244 dixisse
1862 2185 1923 2244 in
1992 2187 2542 2245 commemoratione

296 2270 567 2328 laborum
629 2289 754 2330 sese
815 2272 1125 2348 navigasse
1184 2293 1293 2350 per
1340 2273 1602 2333 Galliam
1664 2280 1845 2350 atque
1899 2274 2142 2334 Italiam
2196 2280 2385 2335 totam
2432 2280 2543 2334 etc.

295 2359 450 2419 Nam
501 2359 634 2433 quis
681 2365 857 2437 neget
912 2362 1134 2439 optime
1191 2362 1485 2438 quadrare
1531 2364 1715 2423 verba
1770 2363 1873 2420 illa
1928 2363 2115 2442 ipsius
2162 2365 2543 2424 confessionis

295 2447 672 2508 narrationi?
742 2450 901 2522 Quin
950 2450 1129 2509 etiam
1175 2451 1422 2509 dubium
1469 2459 1559 2512 est
1605 2474 1681 2511 an
1726 2453 1905 2512 liceat
1951 2453 2241 2531 suspicari
2288 2474 2355 2512 eo
2410 2454 2541 2530 ipso

296 2539 452 2610 loco,
521 2559 634 2614 quo
682 2538 939 2597 vitarum
985 2540 1302 2599 nonnullae
1359 2542 1764 2599 narrationem
1810 2540 1882 2598 de
1927 2541 2242 2600 itineribus
2287 2542 2405 2599 illis
2450 2542 2539 2599 in-

297 2632 508 2685 serunt
553 2627 652 2699 iis,
717 2647 868 2703 quae
914 2648 986 2685 ex
1033 2629 1396 2688 confessione
1442 2635 1835 2707 sumpserunt,
1882 2629 2023 2688 olim
2069 2630 2130 2688 in
2178 2630 2541 2689 confessione

297 2716 523 2793 scripta
568 2716 749 2774 fuisse
795 2718 978 2775 verba
1022 2717 1145 2776 illa.
1234 2717 1387 2778 Nam
1435 2738 1504 2777 eo
1551 2718 1681 2797 ipso
1729 2719 1884 2791 loc0,
1932 2738 2049 2795 quo
2104 2726 2381 2779 narratur
2424 2718 2539 2777 Pa·

295 2805 506 2863 tricius
553 2804 838 2865 servitute
884 2806 1171 2866 liberatus
1219 2808 1303 2865 28
1352 2807 1476 2867 dies
1525 2808 1759 2866 deserta
1805 2809 1935 2867 loca
1979 2828 2354 2886 peragrasse,
2418 2828 2538 2866 om·

295 2893 461 2951 nium
518 2893 784 2952 codicum
829 2896 1013 2953 verba
1069 2896 1323 2969 mendis,
1391 2897 1619 2955 lacunis
1676 2902 1736 2955 et
1791 2896 2212 2956 additamentis
2258 2903 2539 2973 corrupta

298 3002 424 3040 esse
496 2983 688 3041 videri
759 3003 940 3063 supra
1001 2986 1128 3058 jam
1196 2984 1366 3060 quasi
1435 2992 1889 3063 praetereuntes
1957 2985 2539 3044 commemoravimus

297 3072 380 3147 (p.
414 3072 497 3128 47
533 3074 777 3148 annot.).
854 3072 1174 3131 Praeterea
1220 3093 1416 3131 secum
1469 3080 1711 3150 reputet
1764 3074 2083 3133 benevolus
2136 3074 2325 3131 lector
2378 3074 2540 3133 dicta

295 3159 402 3217 illa
446 3160 716 3232 Patricii,
781 3162 994 3237 quibus
1041 3160 1404 3221 Tirechanus
1447 3182 1591 3221 usus
1636 3168 1744 3235 est,
1807 3163 2014 3221 saltem
2060 3161 2135 3220 iis
2179 3161 2397 3221 similia
2443 3183 2538 3219 ex—

295 3254 456 3307 stare
500 3249 564 3307 in
597 3249 801 3307 eodem
841 3250 996 3308 libro
1028 3248 1466 3324 Ardmachano,
1510 3251 1575 3307 in
1622 3271 1739 3327 quo
1787 3250 2099 3322 confessi03
2146 3271 2285 3328 ergo
2335 3250 2539 3309 eodem

289 3340 423 3412 jure
479 3343 618 3397 sunt
676 3344 928 3414 utraque
985 3341 1192 3414 verba,
1256 3340 1402 3416 quin
1455 3340 1636 3399 etiam
1693 3338 2059 3399 Tirechanns
2115 3340 2219 3398 illa
2277 3339 2539 3399 Patricio

297 3427 595 3500 attribuit,
643 3427 820 3501 hanc,
871 3427 1061 3504 qualis
1107 3450 1261 3487 nunc
1309 3436 1530 3503 exstat,
1577 3450 1614 3487 a
1660 3429 1927 3489 Patricio
1974 3428 2369 3507 conscriptam
2414 3449 2541 3489 esse

297 3515 598 3574 affirmare
643 3536 763 3573 non
808 3517 1025 3596 potuit.
1116 3517 1395 3593 Accedit,
1442 3519 1631 3595 quod,
1688 3540 1816 3577 cum
1864 3540 1901 3577 a
1945 3517 2113 3576 Fieci
2157 3518 2375 3595 hymno
2422 3538 2538 3577 non

296 3612 456 3664 recte
517 3605 818 3664 intellecto
883 3606 1050 3683 origo
1100 3627 1300 3665 eorum
1359 3607 1552 3685 repeti
1612 3628 1731 3667 non
1790 3607 2009 3686 possit,
2082 3628 2155 3666 ne
2201 3611 2541 3684 conjectura

299 3694 539 3769 quidem
585 3695 870 3771 augurari
913 3715 1240 3773 possumus,
1289 3716 1391 3755 cur
1438 3696 1532 3755 vel
1588 3718 1623 3754 a
1679 3717 1795 3773 quo
1840 3696 1981 3755 ficta
2034 3696 2156 3755 sint
2201 3695 2360 3757 dicta
2417 3697 2538 3755 illa.

297 3782 450 3843 Nam
508 3783 559 3843 si
613 3783 755 3842 ficta
811 3790 1031 3857 essent,
1091 3791 1161 3843 ut
1203 3784 1470 3843 Patricio
1526 3805 1660 3844 cum
1714 3785 2001 3844 Romanis
2056 3785 2539 3844 consuetudinem

298 3872 478 3931 fuisse
538 3872 1043 3947 demonstrarent,
1109 3874 1294 3950 ipsius
1346 3874 1574 3933 Romae
1639 3875 1805 3933 urbis
1868 3874 2089 3933 mentio
2152 3875 2314 3932 facta
2368 3879 2539 3932 esset.

297 3959 400 4018 An
447 3961 625 4019 illud:
673 3960 747 4022 de
791 3958 1018 4021 saeculo
1063 3961 1409 4043 requissistis
1439 3962 1523 4023 ad
1550 3960 1950 4021 Paradissum
1994 3960 2101 4020 deo
2142 3960 2369 4041 qratia-⁴3
2414 3979 2536 4021 aec-

298 4045 474 4109 alesia
517 4046 832 4111 Scotmvum
874 4049 1054 4110 immo
1101 4048 1532 4122 Romanorum,
1575 4060 1641 4109 ut
1674 4046 2001 4109 Christiani
2044 4048 2126 4108 ita
2170 4058 2233 4109 ut
2278 4046 2544 4111 Romani

298 4136 420 4198 sitis
462 4160 1021 4218 ..propensam
1080 4141 1474 4218 posteriorum
1533 4140 1599 4198 in
1659 4140 1959 4199 Romanos
2021 4138 2389 4199 voluntatem
2448 4160 2539 4197 re-

300 4228 495 4287 dolere
542 4228 758 4307 putas?
806 4228 897 4288 At
942 4230 1085 4287 haec
1129 4229 1313 4288 verba
1360 4250 1491 4287 cum
1535 4228 1835 4305 prioribus
1875 4248 2191 4307 perperam
2221 4232 2541 4303 conjuncta

301 4324 464 4393 sunt,
527 4339 664 4377 nam
710 4317 813 4377 illa
857 4316 921 4376 in
964 4316 1503 4379 commanet-atione
1555 4314 1821 4377 laborum
1866 4318 1903 4375 i.
1953 4338 2001 4376 e.
2048 4317 2111 4375 in
2158 4318 2541 4391 confessione,

2078 4420 2114 4473 4
