3167 4900
20 247 32 301 ρ
386 266 391 271 -
1225 222 1710 283 —105—
1883 260 1890 267 ·

316 411 407 479 ,ut
451 404 539 464 ita
584 403 793 475 dicam,
842 422 929 474 ea,
978 422 1130 477 quae
1174 402 1364 460 ethice
1395 402 1555 460 dicta
1603 406 1744 461 sunt
1789 402 1864 459 ab
1911 401 2200 478 apostolis
2247 402 2320 459 de
2367 402 2586 461 mundo

338 503 399 553 et
443 494 517 551 de
564 512 740 551 carne
754 536 768 563 ,
832 492 947 549 sibi
992 497 1423 568 persuaserunt·
1474 498 1660 550 totum
1713 489 2005 549 mundum
2062 488 2125 549 in
2183 488 2342 549 malo
2388 488 2588 570 jacere

336 581 593 657 (1.J0h.
628 580 684 653 5,
725 581 856 655 19),
926 580 1025 652 iis,
1092 580 1233 656 quia
1293 600 1533 658 sperare
1590 599 1710 638 non
1755 586 2004 657 possunt
2049 580 2204 651 fore,
2253 586 2324 638 ut
2369 581 2586 637 malum

337 674 613 731 vincatur
674 670 857 741 bono,
936 688 1123 746 paene
1185 669 1335 727 nihil
1403 668 1698 744 reliquum
1767 676 1858 727 est
1916 668 2034 726 nisi
2091 675 2162 729 ut
2219 668 2455 745 fugiant
2515 669 2588 727 de

336 760 574 819 mund0.
681 757 829 831 Quis
900 764 1101 817 autem
1170 758 1431 816 severius
1491 765 1555 815 et
1615 758 1910 816 austerius
1957 752 2250 832 judicium
2309 758 2454 816 fecit
2515 758 2586 815 de

336 848 573 919 mund0,
623 867 800 922 quam
834 845 1164 905 Columba?
1212 847 1507 917 ProfectO,
1555 847 1750 905 nescio
1796 866 1877 905 an
1915 846 2104 923 magis
2133 846 2586 905 admirationem

338 959 517 1015 quam
563 935 1027 994 misericordiam
1073 937 1334 995 habeant
1379 935 1563 994 verba
1619 938 1744 1010 ejus
1796 936 2096 1011 elegantia
2151 941 2212 993 et
2267 936 2587 995 altitudine

336 1047 525 1102 aeque
558 1025 789 1083 eximia.
852 1023 1102 1097 Audias,
1146 1045 1383 1101 quaes0,
1430 1024 1736 1082 exordium
1769 1024 2014 1101 quintae
2044 1024 2232 1081 nostri
2263 1024 2588 1083 Columbae

337 1114 745 1174 instructionis
792 1135 827 1171 a
871 1114 1173 1179 monachis
1218 1113 1558 1190 saepissime
1606 1113 1930 1190 rescriptae
1977 1114 2074 1187 (cf.
2107 1108 2402 1183 Scherrer,
2449 1108 2586 1173 Ver-

313 1200 615 1263 -zeiclmiss
674 1200 782 1261 der
842 1198 1305 1282 Handsclm‘ften
1364 1201 1473 1262 der
1532 1197 2004 1281 Stifisbibliotltek
2071 1220 2146 1259 zu
2215 1196 2300 1261 St.
2359 1196 2587 1262 Galles.

346 1292 533 1352 1875.
582 1313 639 1369 Ρ.
688 1292 863 1366 336),
910 1290 973 1348 in
1018 1312 1137 1367 qua
1182 1297 1253 1349 ut
1298 1292 1359 1349 in
1406 1291 1643 1368 speculo
1691 1291 1979 1363 cernitur,
2029 1291 2202 1366 quale
2245 1292 2426 1349 fuerit
2473 1290 2586 1349 Co-

338 1381 574 1439 lumbae
638 1380 928 1456 judicium
986 1380 1061 1437 de
1122 1381 1341 1439 mundo
1402 1385 1463 1439 et
1520 1379 1594 1436 de
1655 1380 1806 1439 vita:
1882 1374 1986 1450 „O
2054 1387 2118 1437 tu
2175 1377 2323 1450 vita,
2391 1379 2589 1457 inquit

340 1471 532 1545 (instr.
582 1468 648 1541 5,
694 1468 855 1526 Bibl.
902 1489 1055 1525 max.
1112 1469 1215 1541 12,
1264 1492 1323 1547 p
1374 1470 1483 1545 13)
1528 1476 1778 1548 quantos
1835 1440 2130 1549 decepisti,
2199 1476 2444 1548 quantos
2503 1487 2583 1527 se-

339 1556 575 1629 duaeisti,
620 1564 867 1637 quantos
897 1512 1247 1615 excaecasti!
1294 1553 1459 1631 Quae
1490 1556 1637 1617 dum
1665 1555 1855 1637 fitqis,
1897 1554 2044 1615 nihil
2069 1576 2149 1627 es,
2199 1556 2344 1617 dum
2374 1555 2587 1617 videris

339 1644 549 1705 umbra
593 1665 680 1717 es,
728 1644 873 1705 dum
913 1642 1199 1705 exaltaris
1230 1644 1442 1727 fumus
1488 1664 1574 1715 es,
1637 1664 1787 1745 quae
1831 1644 2038 1705 cotidie
2067 1644 2240 1725 fuyis
2285 1655 2338 1705 et
2384 1644 2589 1705 cotidie

338 1734 519 1807 venis,
567 1733 843 1795 veniendo
872 1732 1073 1815 fi19i82
1130 1754 1281 1815 quae
1309 1732 1600 1815 fayiendo
1645 1732 1828 1805 venis,
1873 1730 2174 1793 dissimilis
2219 1742 2443 1805 eventu,
2507 1733 2586 1793 si-

340 1820 492 1883 milis
540 1831 695 1893 ortu,
754 1819 1056 1882 dissimilis
1100 1820 1271 1894 lusu,
1334 1820 1538 1881 similis
1572 1820 1784 1905 fluam,
1847 1819 2036 1882 dulcis
2089 1818 2303 1893 stultis,
2375 1842 2588 1881 amara

339 1911 743 1991 sapientibusf‘
816 1912 901 1970 Et
947 1912 1119 1971 alibi:
1166 1911 1312 1993 „qui
1352 1920 1405 1971 te
1443 1908 1709 1992 diliqunt,
1759 1909 1984 1991 decepti
2026 1918 2177 1981 sunt,
2223 1910 2328 1991 qui
2369 1920 2420 1971 te
2466 1930 2584 1971 cre·

340 2000 515 2072 dunt,
576 1999 797 2060 seducti
850 2009 1010 2071 sunt,
1066 2000 1171 2082 qui
1220 2010 1413 2061 autem
1470 2008 1523 2060 te
1568 1999 1860 2081 neyliyant
1904 1998 2078 2059 ditati
2117 2008 2252 2059 sunt
2295 2008 2348 2059 et
2393 1999 2495 2081 qui
2536 2008 2587 2059 te

324 2088 573 2173 fuyiunt
616 2086 832 2149 salvati
873 2096 1049 2147 sunt“
1096 2091 1291 2165 (instr.
1327 2092 1382 2163 6,
1428 2112 1485 2168 p.
1526 2091 1609 2148 14
1641 2090 1732 2166 G).

522 2180 733 2240 Nonne
766 2184 1017 2255 apparet
1048 2178 1396 2237 Columbam
1429 2182 1674 2256 ejusque
1720 2178 1906 2237 socios
1945 2177 2361 2253 disjunctiores
2406 2179 2588 2237 fuisse

269 2330 273 2335 ,
338 2288 375 2325 a
420 2268 639 2325 mundo
688 2286 863 2345 quam
907 2268 1330 2327 monachorum
1375 2268 1662 2345 plurimos
1711 2269 1807 2342 (cf.
1851 2289 1941 2369 ep.
1976 2268 2032 2340 2,
2079 2289 2136 2344 p.
2173 2269 2254 2325 26
2293 2267 2358 2339 O,
2407 2288 2588 2344 supra

342 2377 398 2432 p.
436 2356 631 2431 100)?
677 2357 889 2417 Nullas
920 2358 1263 2434 voluptates
1294 2357 1535 2415 videtur
1566 2358 1818 2415 mundus
1863 2357 1936 2415 iis
1983 2358 2348 2432 praebuisse.
2417 2354 2586 2415 Post-

332 2443 538 2524 positis
570 2445 755 2522 igitur
772 2441 1233 2524 phaleramentis
1264 2444 1475 2506 mundi
1496 2446 1630 2521 (vit.
1655 2444 1776 2504 Sal.
1807 2446 1904 2516 12,
1938 2467 1996 2521 Ρ.
2025 2445 2173 2517 426,
2207 2446 2302 2516 17,
2329 2467 2388 2523 p.
2413 2446 2587 2522 428),

342 2531 504 2593 obliti
544 2529 955 2614 temporalium
988 2535 1138 2609 (Col.
1170 2535 1342 2593 instr.
1380 2535 1479 2608 15,
1510 2557 1566 2612 p.
1604 2536 1686 2592 2Ο
1718 2535 1804 2610 D)
1841 2531 1956 2592 soli
1998 2532 2106 2592 deo
2152 2532 2396 2594 viventes
2441 2529 2586 2613 ejus-

338 2641 447 2703 que
500 2621 759 2704 yloriam
814 2621 1090 2682 intuentes
1150 2623 1281 2698 (vit.
1343 2623 1668 2700 Wandreg.
1719 2625 1774 2694 7,
1837 2643 1895 2698 p.
1945 2621 2100 2697 528)
2160 2621 2594 2706 mortificationi

326 2709 667 2782 wstudebant
721 2729 869 2792 quae
912 2709 1179 2782 maxima
1215 2731 1367 2791 pars
1410 2709 1646 2792 reyulae
1691 2719 1816 2772 erat
1863 2713 2008 2787 (reg.
2057 2710 2184 2770 Col.
2229 2711 2388 2771 Bibl.
2435 2732 2588 2770 max.

338 2800 493 2872 XII,
538 2821 597 2878 Ρ.
644 2801 682 2858 5
716 2801 817 2877 D),
880 2798 1075 2860 beatae
1118 2797 1210 2860 2252·
1250 2799 1706 2886 mortficationi,
1767 2819 1915 2881 qaae
1951 2796 2088 2883 filio
2133 2798 2232 2860 dei
2265 2799 2425 2882 facit
2471 2819 2589 2861 esse

327 2888 655 2968 participes
686 2891 817 2966 (vit.
845 2885 1163 2966 Wandreg.
1201 2892 1230 2948 1
1247 2892 1297 2963 1,
1330 2912 1388 2968 Ρ.
1423 2891 1597 2966 530).
1661 2890 1797 2949 Tali
1841 2890 2014 2948 modo
2061 2897 2347 2968 sequentes
2380 2898 2590 2968 patres

322 2977 622 3058 perfectos
682 2977 833 3052 (Col.
881 2998 972 3052 ep.
1022 2979 1079 3048 2,
1127 2999 1183 3053 Ρ.
1232 2980 1313 3035 26
1349 2979 1424 3055 C)
1484 2987 1535 3036 et
1589 2975 1948 3037 ambulantes
2005 2977 2150 3036 sicut
2210 2985 2263 3036 et
2327 2972 2588 3036 Climlstus

323 3061 683 3140 ambulavit,
728 3082 968 3141 pauper
1012 3071 1064 3122 et
1094 3061 1347 3122 humilis
1393 3065 1545 3138 (001.
1593 3087 1684 3142 ep.
1735 3067 1790 3136 2,
1839 3087 1897 3141 Ρ.
1947 3064 2028 3121 25
2064 3064 2139 3140 C)
2185 3063 2270 3124 ad
2315 3063 2590 3124 virtutum

342 3149 565 3211 culmen
610 3149 942 3231 apicemque
986 3151 1302 3210 sanctitatis
1350 3154 1479 3227 (vit.
1522 3152 1647 3211 Sal.
1687 3154 1784 3222 12,
1831 3174 1890 3229 Ρ.
1923 3153 2078 3226 426)
2127 3173 2188 3210 se
2234 3173 2407 3230 posse
2453 3174 2584 3230 per-

342 3241 545 3300 venire
576 3246 639 3298 et
668 3239 921 3317 denique
955 3260 1077 3321 pro
1109 3239 1329 3300 damno
1366 3239 1517 3301 vitae
1555 3239 1878 3322 praesentis
1922 3239 2088 3300 lucra
2132 3239 2281 3300 vitae
2326 3249 2588 3350 aeterncae

319 3335 743 3400 ,consecuturos
791 3349 915 3388 esse
962 3331 1285 3407 sperabant
1330 3330 1463 3404 (vit.
1508 3331 1693 3406 Burg.
1744 3331 1802 3403 8,
1849 3352 1906 3407 Ρ.
1956 3330 2129 3406 442).

522 3417 695 3476 Talia
741 3420 1073 3496 cogitantes
1118 3419 1387 3478 crederes
1442 3419 1717 3478 maluisse
1775 3425 1843 3476 ut
1897 3419 2172 3478 eremitas
2219 3419 2408 3478 vitam
2453 3419 2587 3478 soli·

341 3508 526 3568 tarios
572 3527 767 3584 agere,
814 3529 991 3583 quam
1038 3528 1171 3580 cum
1218 3508 1351 3566 aliis
1396 3509 1598 3568 vivere
1644 3508 1706 3567 in
1753 3508 2070 3568 coenobiis.
2141 3507 2422 3567 Profecto
2467 3529 2588 3568 non

341 3596 589 3656 deerant
632 3597 695 3654 in
743 3597 987 3655 ecclesia
1032 3597 1377 3670 Scotorum,
1440 3599 1543 3674 qui
1589 3603 1748 3656 certe
1794 3617 2022 3656 menses
2067 3599 2161 3656 vel
2209 3618 2394 3656 annos
2441 3619 2586 3657 non·

324 3686 533 3744 ,nullos
592 3685 847 3745 solitarii
906 3692 1155 3762 agerent
1214 3688 1313 3761 (cf.
1360 3708 1541 3764 supra
1587 3708 1644 3763 p.
1696 3688 1776 3744 67
1827 3691 1888 3745 et
1935 3688 2047 3762 82)
2095 3693 2155 3745 et
2217 3687 2412 3765 ipsum
2473 3686 2586 3746 Co-

340 3775 601 3833 lumbam
646 3773 986 3851 saepissime
1032 3775 1096 3832 in
1142 3774 1493 3833 solitudines
1538 3775 1874 3834 discessisse
1903 3776 2094 3835 Jonas
2139 3783 2394 3848 enarrat,
2443 3776 2588 3850 quin

342 3863 523 3922 etiam
566 3863 697 3940 ipse
728 3861 1019 3920 Columba
1066 3863 1354 3922 concessit
1384 3863 1766 3922 eremitarum
1797 3865 1985 3922 vitam
2016 3865 2429 3942 perfectiorem
2461 3883 2586 3922 esse

344 3971 521 4028 quam
552 3951 967 4010 coenobialem.
1043 3953 1200 4012 Nam
1228 3951 1626 4028 interrogavit
1651 3950 2011 4028 Gregorium
2043 3954 2158 4028 (ep.
2187 3951 2243 4022 5,
2275 3972 2334 4027 p.
2370 3952 2450 4008 32
2476 3951 2584 4028 H),

340 4036 489 4121 qaid
515 4037 867 4120 faciendum
912 4049 1051 4100 esset
1096 4039 1169 4099 de
1211 4036 1509 4100 monachis
1546 4037 1680 4109 illis,
1723 4037 1826 4118 qui
1839 4057 1964 4118 pro
1995 4037 2093 4098 dei
2119 4037 2330 4098 intuitu
2357 4047 2410 4098 et
2439 4037 2588 4098 vitae

330 4126 783 4208 perfectioris
829 4126 1117 4188 desiderio
1162 4137 1367 4188 contra
1410 4135 1543 4187 vota
1588 4124 1866 4186 venientes
1898 4125 2112 4206 μήπω.
2142 4125 2587 4186 conversationis

332 4216 470 4286 loca
500 4213 901 4298 relinquerent
960 4226 1012 4277 et
1070 4216 1261 4276 invitis
1322 4214 1625 4286 abbatibus
1685 4217 1782 4292 (cf.
1839 4237 2020 4292 supra
2079 4237 2139 4292 Ρ.
2191 4218 2300 4292 69)
2347 4214 2588 4295 fervore

342 4303 762 4365 monachorum
828 4315 1055 4385 coyente
1122 4314 1225 4365 aut
1289 4303 1632 4365 laetaremur
1696 4313 1800 4364 aut
1865 4303 1950 4364 ad
2017 4303 2244 4365 deserta
2293 4302 2587 4386 fayererzt.
