3167 4900
1527 240 1955 300 „52,„

628 427 790 486 tione
843 423 1017 482 Brito
1071 422 1252 480 fuisse
1297 421 1566 493 videtur,
1638 419 1796 496 quod
1858 418 2233 495 sagacissime
2293 419 2561 495 profecto
2608 416 2881 478 Varinus

627 515 866 590 collegit
929 533 999 569 ex
1059 511 1152 568 his
1210 509 1492 587 Prosperi
1547 509 1747 568 verbis
1803 508 2028 583 (chron.
2077 528 2217 565 ann.
2266 507 2391 564 429
2442 527 2536 584 op.
2586 507 2675 566 ed.
2722 505 2880 566 Bas·

628 603 758 662 sani
803 602 854 674 I,
901 623 960 680 Ρ.
992 602 1140 672 401,
1188 598 1266 655 Η.
1315 598 1432 656 and
1479 597 1566 657 St.
1601 597 1651 670 Ι,
1698 619 1757 674 p.
1795 599 1925 674 16):
1995 595 2079 655 ad
2122 595 2405 655 actionem
2449 591 2702 654 Palladi
2744 593 2879 654 dia-

627 690 760 750 coni
815 686 996 768 Papa
1062 683 1406 748 Coelesti‘nas
1461 731 1474 746 .
1509 731 1522 744 .
1680 681 2045 747 Germanum
2091 729 2104 742 .
2139 729 2152 742 .
2186 729 2199 742 .
2244 683 2362 744 vice
2422 705 2533 743 sua
2588 682 2765 743 maa-it
2829 692 2885 742 et

629 777 941 840 deturbatis
979 773 1278 837 haereticis
1307 731 1659 836 Britannias
1704 773 1789 834 ad
1832 771 2177 833 catholicam
2198 772 2393 856 fidem
2438 770 2657 852 diriyit.
2719 773 2885 833 Nam

630 868 773 946 quid
816 867 1120 937 Palladio,
1192 864 1346 924 sedis
1402 865 1765 944 apostolicae
1819 864 2093 936 diaconO,
2164 861 2497 922 commercii
2554 868 2689 920 erat
2744 882 2885 920 cum

628 956 999 1028 Britonibus,
1048 954 1161 1013 nisi
1206 954 1334 1030 ipse
1381 961 1513 1013 erat
1555 953 1775 1012 Brito?

807 1044 897 1103 At
942 1044 1107 1102 dicat
1151 1044 1402 1102 fortasse
1451 1043 1746 1120 quispiam
1792 1041 1929 1098 huic
1983 1048 2219 1100 nostrae
2274 1040 2607 1099 sententiae
2654 1060 2883 1118 repug-

629 1156 772 1193 nare
829 1133 1210 1192 confessionis
1253 1131 1506 1190 Patricii
1561 1151 1887 1190 sermonem
1946 1151 2015 1189 ac
2070 1130 2287 1206 stylum
2343 1129 2637 1188 incultum
2694 1134 2886 1204 atque

630 1222 995 1301 impeditum.
1088 1221 1284 1295 Atqui
1345 1220 1623 1278 librarios
1685 1226 1920 1278 accuset
1978 1239 2097 1278 non
2154 1217 2514 1291 Patricium,
2577 1238 2713 1276 nam
2776 1218 2885 1294 qui

630 1312 728 1370 dei
774 1317 836 1370 et
881 1310 1286 1388 apostolorum
1333 1310 1517 1367 verba
1563 1309 1625 1366 in
1672 1309 1922 1368 latinum
1979 1309 2304 1366 transferre
2359 1307 2560 1385 potuit
2605 1307 2723 1384 (ep.
2781 1308 2885 1379 11,

629 1423 688 1480 p.
741 1402 893 1476 319)
935 1400 1090 1456 idem
1150 1397 1211 1454 in
1274 1397 1478 1475 lingua
1525 1398 1714 1455 latina
1759 1397 1923 1455 rudis
1970 1402 2148 1472 atque
2194 1396 2405 1473 hospes
2453 1417 2577 1455 esse
2625 1395 2730 1455 vix
2776 1416 2887 1473 po-

631 1490 766 1550 tuit.
831 1488 1005 1561 Quod
1038 1508 1170 1544 cum
1217 1487 1596 1545 manifestum
1643 1487 1736 1559 sit,
1784 1486 1997 1544 omitto
2042 1485 2206 1561 loqui
2252 1485 2325 1542 de
2371 1485 2445 1542 iis
2494 1485 2887 1544 confessionis

628 1577 827 1638 verbis
875 1578 956 1654 (p.
994 1577 1167 1651 298),
1236 1596 1307 1632 ex
1370 1575 1584 1652 quibus
1648 1572 1957 1634 Ebrardus
2021 1577 2102 1653 (p.
2146 1573 2273 1631 485
2322 1579 2443 1632 not.
2483 1574 2589 1650 16)
2646 1571 2889 1633 studuit

631 1667 881 1738 efficere,
932 1665 1124 1743 ipsum
1157 1663 1487 1723 Patricium
1520 1685 1647 1723 esse
1678 1665 2003 1723 confessum
2034 1683 2097 1723 se
2137 1663 2344 1721 rudem
2392 1683 2518 1721 esse
2564 1662 2628 1720 in
2674 1663 2888 1738 lingua

629 1757 834 1814 latina.
925 1755 1078 1814 Nam
1137 1753 1476 1812 obscuriora
1538 1774 1663 1812 esse
1720 1753 1827 1811 illa
1874 1753 2060 1812 verba
2118 1752 2169 1810 is
2223 1755 2350 1827 jam
2398 1751 2733 1828 cognovit‚.
2778 1750 2890 1827 qui

629 1846 848 1902 librum
897 1842 1382 1901 Ardmachanum
1431 1842 1806 1920 conscripsit,
1864 1862 2001 1900 nam
2046 1839 2401 1912 „ineertu⁸“‚
2449 1839 2648 1915 inquit
2695 1835 2891 1911 „liber

632 1930 766 1992 Μαί(
801 1932 903 2009 (Η.
939 1931 1056 1990 and
1087 1930 1174 1990 St.
1206 1931 1292 2004 ΙΙ,
1328 1933 1384 2005 2,
1425 1954 1483 2010 p.
1519 1932 1649 1988 298
1682 1937 1803 1990 not.
1839 1931 1965 2007 21).
2028 1929 2306 1988 Profecto
2352 1929 2652 2002 incertior,
2701 1949 2889 2004 quam

631 2029 723 2092 ut,
787 2021 930 2098 quid
978 2021 1090 2079 sibi
1138 2020 1326 2078 velint
1370 2021 1584 2092 verba,
1650 2020 1921 2096 cognosci
1966 2018 2169 2095 possit.
2261 2018 2479 2095 Itaque
2526 2039 2637 2076 nec
2685 2038 2887 2076 sermo

631 2117 738 2168 aut
787 2111 974 2184 stylus
1016 2108 1396 2168 confessionis
1443 2108 1711 2187 impedit,
1758 2108 2069 2184 quominus
2101 2107 2440 2166 Palladium
2472 2107 2723 2212 eundem
2758 2127 2889 2166 esse

633 2205 907 2276 putemus
953 2203 1132 2273 atque
1179 2196 1523 2256 Patricium.

814 2288 980 2360 Quae
1027 2306 1159 2344 cum
1205 2287 1292 2345 ita
1339 2287 1473 2358 sint,
1521 2285 1622 2344 vix
1653 2285 1972 2363 disceptari
2018 2290 2234 2364 potest,
2280 2291 2480 2344 utrum
2516 2283 2699 2357 Scoti,
2748 2304 2886 2342 cum

633 2376 921 2456 Prosperi
965 2375 1364 2434 narrationem
1411 2380 1831 2452 cognoscentes
1874 2374 2207 2432 Patricium
2262 2395 2297 2432 a
2342 2373 2683 2433 coelestino
2748 2375 2891 2432 mis-

631 2487 760 2525 sum
808 2486 934 2525 esse
979 2466 1304 2539 finxerunt,
1369 2488 1403 2523 a
1448 2466 1701 2524 veritate
1761 2463 2116 2522 deflexerint
2176 2484 2249 2521 an
2314 2464 2513 2541 potius
2575 2463 2751 2521 inscii
2814 2466 2891 2522 ad

633 2556 950 2614 veritatem
997 2554 1274 2631 proprius
1322 2554 1679 2613 adduxerint
1722 2552 1971 2613 Patricii
2017 2552 2343 2611 historiam.

811 2643 965 2704 Nam
997 2648 1195 2701 utrum
1227 2644 1524 2720 Prospero
1556 2664 1633 2701 an
1666 2642 1931 2702 obscuris
1962 2642 2149 2719 ipsius
2177 2641 2430 2700 Patricii
2462 2642 2663 2701 verbis
2696 2644 2889 2717 major

572 2782 574 2784 ,
637 2732 784 2789 fides
844 2731 1116 2789 habenda
1177 2732 1279 2804 sit,
1343 2732 1621 2790 dubitare
1684 2733 1842 2790 licet.
1932 2730 2223 2789 Attamen
2281 2735 2505 2789 certum
2563 2737 2655 2789 est
2700 2730 2889 2789 haud-

635 2839 933 2897 quaquam
982 2820 1068 2876 ita
1119 2820 1359 2879 missum
1392 2840 1518 2879 esse
1550 2819 1879 2879 Patricium
1929 2824 1995 2876 ut
2038 2819 2469 2895 posterioribus
2514 2820 2891 2897 temporibus

637 2908 821 2985 legati
891 2906 1054 2985 missi
1123 2915 1264 2967 sunt
1337 2909 1414 2967 ab
1485 2908 1775 2986 episcopis
1842 2908 2129 2966 Romanis
2196 2909 2271 2966 ad
2341 2928 2622 2987 paganos.
2730 2908 2891 2969 Nam

643 2998 899 3055 alienum
945 3002 1036 3057 est
1081 2998 1301 3056 saeculi
1347 2997 1544 3074 quinti
1588 2999 1764 3057 rebus
1811 3015 2001 3072 neque
2048 2998 2403 3056 confessioni
2449 2997 2702 3056 Patricii
2750 3018 2887 3055 con-

631 3086 812 3162 gruit.
904 3085 1089 3144 Haud
1149 3087 1269 3145 scio
1334 3107 1410 3145 an
1468 3087 1607 3144 inde
1668 3092 1800 3145 orta
1866 3086 1945 3145 sit
2003 3085 2289 3164 Prosperi
2349 3086 2615 3145 narratio
2630 3130 2644 3158 ,
2727 3087 2891 3162 quod

632 3174 950 3248 Patricius,
999 3195 1130 3232 cum
1176 3175 1359 3235 variis
1406 3176 1641 3234 casibus
1681 3178 1943 3251 jactatus
1992 3192 2133 3233 casu
2171 3174 2423 3233 Romam
2469 3175 2748 3248 venisset,
2796 3176 2888 3234 ibi

637 3264 883 3321 consilio
931 3283 1036 3322 suo
1085 3263 1146 3322 in
1177 3264 1534 3323 Hiberniam
1579 3264 1905 3340 navigandi
1952 3284 2085 3321 cum
2115 3263 2401 3322 Romanis
2432 3264 2524 3323 vel
2574 3283 2707 3321 cum
2754 3264 2890 3343 ipso

630 3373 806 3430 papa,
857 3352 908 3411 si
954 3353 1168 3426 mavis,
1219 3353 1647 3413 communicato
1696 3354 1756 3411 in
1802 3352 2284 3431 presbyterorum
2331 3354 2425 3412 vel
2472 3352 2891 3430 episcoporum

631 3461 938 3499 numerum
1005 3448 1280 3519 receptus
1350 3449 1456 3501 est.
1586 3441 1675 3500 At
1744 3441 2097 3518 conjecturis
2166 3442 2429 3519 gaudere
2500 3462 2594 3500 me
2662 3442 2891 3501 taedet.

631 3530 796 3605 Ergo
843 3530 987 3587 haec
1031 3530 1334 3589 hactenus.
1425 3530 1601 3590 Licet
1645 3532 1711 3589 in
1758 3532 1940 3589 dubio
1996 3530 2381 3607 relinquatur,
2441 3530 2586 3606 quid
2633 3530 2707 3587 de
2766 3532 2887 3591 sin-

632 3618 785 3695 gulis
833 3617 1116 3694 Prosperi
1161 3618 1359 3679 verbis
1400 3619 1787 3695 judicandum
1835 3620 1938 3691 sit,
2004 3618 2497 3678 verisimillimum
2542 3624 2744 3679 tamen
2792 3627 2890 3679 est

630 3705 999 3779 Palladium,
1062 3709 1134 3768 de
1181 3728 1298 3785 quo
1345 3708 1678 3787 Prosperus
1728 3708 2081 3767 mentionem
2126 3709 2293 3783 fecit,
2356 3709 2541 3768 alium
2588 3729 2709 3767 non
2756 3730 2886 3768 esse

628 4007 684 4058 p·
730 3990 850 4055 428,
898 3992 1015 4043 not.
1065 3989 1155 4057 17)
1204 4006 1350 4043 anno
1389 3990 1493 4043 432
1537 3987 1818 4041 Patricius
1873 3987 1933 4040 in
1979 3984 2313 4041 Hiberniam
2349 3988 2524 4042 venit.
2602 3989 2688 4042 At
2724 3990 2883 4043 dicat

631 4061 910 4128 quispiam
949 4060 1206 4128 Logairii
1245 4078 1418 4114 annos
1457 4062 1812 4128 computasse
1852 4058 2081 4112 annales
2120 4058 2486 4113 Ultonienses
2527 4063 2698 4129 (saec.
2728 4060 2877 4127 XII)

630 4149 744 4183 non
783 4132 903 4183 sine
942 4132 1139 4184 habita
1174 4130 1420 4185 Palladii
1460 4130 1726 4183 historiae
1765 4131 2002 4183 ratione.
2078 4129 2257 4197 Atqui
2304 4130 2405 4184 illo
2456 4130 2581 4185 fere
2620 4136 2885 4199 tempore

629 4200 959 4269 Logairium
1008 4218 1273 4273 regnasse
1330 4203 1680 4255 demonstrat
1730 4202 2034 4272 Gatalogus
2088 4200 2191 4254 SS.
2242 4200 2381 4253 Hib.
2438 4208 2571 4255 ante
2630 4204 2886 4256 medium

629 4274 915 4326 saeculum
974 4280 1237 4327 octavum
1296 4274 1649 4340 conscriptus
1708 4290 1890 4342 neque
1949 4272 2195 4325 Palladii
2250 4273 2595 4326 mentionem
2666 4274 2883 4327 faciens

631 4338 732 4410 (Η.
773 4345 884 4397 and
925 4343 1192 4410 st.11,2‚
1234 4362 1288 4412 p.
1319 4342 1467 4411 292).
