3167 4900
1221 243 1475 302 ....,61
1578 278 1653 288 ..-

324 419 623 502 perfectos.
687 422 860 496 Quod
907 424 1041 498 quis
1087 424 1334 482 audiens
1379 423 1494 482 sibi
1532 425 1891 503 persuadeat
1935 427 2161 485 nullum
2209 432 2350 485 tunc
2380 427 2561 487 fuisse

321 512 381 569 in
447 511 746 570 Hibernia
807 513 1148 590 episcopum
1210 513 1461 571 similem
1522 519 1822 590 potestate
1882 515 1985 588 iis,
2048 517 2152 592 qui
2209 515 2562 594 Hieronymi

320 601 688 678 temporibus
732 601 1010 659 fuerant?

508 689 779 748 Tertium
828 691 985 768 quod
1016 690 1178 768 apud
1211 689 1631 750 Adamnanum
1664 692 2071 771 episcoporum
2104 693 2193 751 ita
2221 692 2291 753 fit
2322 695 2559 766 menti0,

323 783 390 836 ut
436 799 556 837 non
605 779 790 838 solum
839 785 1126 858 appareat
1173 777 1595 838 Adamnanum
1642 781 1851 840 fecisse
1898 781 2212 840 discrimen
2258 783 2418 841 inter
2464 803 2559 841 eos

324 867 428 945 qui
474 867 740 946 episcopi
785 874 847 926 et
893 889 992 927 eos
1039 869 1143 944 qui
1187 870 1438 928 abbates
1485 870 1902 946 apellabantur
1950 871 2092 947 (vid.
2129 872 2183 944 3,
2219 872 2301 929 90
2351 872 2413 928 in
2443 871 2560 929 fine

319 979 376 1034 p.
413 957 539 1013 229
575 957 645 1017 cf.
683 957 808 1033 91),
857 958 959 1016 sed
1006 958 1186 1017 etiam
1232 966 1299 1016 ut
1345 958 1723 1018 manifestum
1764 959 1870 1017 fiat
1914 959 2107 1037 ipsum
2140 959 2558 1018 Adamnanum

320 1051 562 1122 putasse
609 1045 856 1124 singulis
887 1047 1184 1124 episcopis
1215 1047 1394 1106 fuisse
1427 1048 1767 1126 parochiam
1802 1046 1978 1108 certis
2008 1049 2225 1108 finibus
2270 1049 2557 1108 inclusam

320 1137 402 1210 (1,
454 1135 558 1206 29,
605 1156 663 1212 p.
713 1135 839 1192 208
902 1155 1092 1207 „unus
1151 1134 1224 1196 de
1274 1135 1631 1217 praepositi-s
1686 1145 1819 1194 tuae
1862 1135 2215 1196 dioeceseos“
2262 1141 2332 1196 cf.
2381 1159 2560 1215 supra

319 1245 376 1300 p.
412 1222 521 1296 593
577 1225 629 1296 l,
679 1223 778 1296 40,
825 1245 881 1302 p.
917 1226 1063 1282 212.
1116 1226 1170 1298 3,
1221 1227 1321 1297 90,
1374 1227 1500 1282 229
1549 1223 1889 1304 „episcopus
1936 1221 2401 1306 Layinensz's“?)

501 1311 792 1385 Quartum
840 1312 1111 1390 denique,
1159 1314 1334 1390 quod,
1377 1314 1530 1374 sicut
1561 1320 1768 1391 postea
1800 1315 2144 1389 videbimus,
2190 1315 2252 1373 in
2283 1316 2558 1375 Nordan-

319 1401 594 1476 hymbria
639 1401 808 1460 sedes
857 1403 1220 1480 episcopales
1266 1423 1386 1461 non
1433 1404 1765 1462 defuerunt.

499 1489 670 1563 Quae
717 1511 847 1549 cum
881 1492 968 1550 ita
999 1491 1135 1564 sint,
1166 1493 1230 1550 in
1262 1491 1365 1551 illo
1399 1493 1501 1550 vix
1532 1513 1693 1571 papa
1740 1493 1980 1564 erravit,
2014 1493 2172 1568 quod
2206 1493 2559 1552 Hiberniam

319 1579 382 1636 in
445 1579 810 1657 episcopales
869 1581 1178 1657 parochias
1241 1580 1488 1640 divisam
1563 1603 1687 1640 esse
1751 1583 2007 1659 putavit.
2115 1582 2282 1656 Quae
2344 1581 2557 1640 divisio

322 1688 463 1725 num
509 1688 772 1744 unquam
818 1670 1050 1746 legibus
1097 1670 1326 1729 sancita
1371 1669 1476 1743 sit,
1531 1670 1595 1727 in
1642 1670 1836 1728 medio
1882 1670 2153 1746 relinquo
2166 1716 2179 1742 ‚
2238 1671 2378 1746 quia
2425 1691 2557 1728 con-

309 1757 643 1832 ‘jiciendum
707 1764 797 1816 est
859 1780 986 1816 eam
1046 1761 1374 1837 profectam
1435 1779 1559 1817 esse
1630 1758 1701 1817 de
1762 1759 1922 1819 civili
1982 1760 2189 1838 populi
2243 1759 2557 1816 Hibernici

321 1845 628 1920 divisione,
677 1847 749 1904 de
797 1867 913 1924 qua
960 1869 1140 1925 supra
1187 1849 1410 1906 dictum
1457 1855 1547 1907 est
1594 1850 1677 1926 (p.
1716 1847 1841 1924 56).

499 1934 576 1992 In
621 1936 869 2012 singulis
916 1942 1110 1995 autem
1158 1937 1454 2016 parochiis
1503 1937 1607 2014 (1111
1652 1938 1836 1996 fuerit
1892 1941 2083 1996 status
2130 1937 2559 1995 ecclesiasticus

324 2024 485 2083 haud
531 2026 704 2083 facile
751 2031 842 2084 est
906 2026 980 2084 ad
1039 2026 1532 2102 cognoscendum,
1598 2027 1736 2103 quia
1795 2026 1858 2083 in
1920 2026 2112 2084 medio
2171 2025 2558 2101 relinquenda

324 2119 415 2171 est
447 2113 591 2171 haec
623 2115 972 2190 gravissima
1004 2115 1289 2191 quaestiO,
1337 2121 1536 2173 utrum
1576 2135 1777 2174 omnes
1823 2115 2101 2194 episcopi,
2150 2135 2349 2173 omnes
2395 2135 2557 2192 pres-

327 2202 524 2278 byteri
571 2208 632 2261 et
689 2203 921 2261 diaconi
983 2205 1255 2263 monachi
1317 2205 1558 2282 fuerint,
1622 2225 1696 2262 an
1757 2211 1999 2282 praeter
2057 2206 2383 2282 permultos
2443 2225 2557 2275 eOS,
2648 2205 2653 2210 ’

324 2291 429 2367 (1111
474 2292 876 2351 monachicam
925 2293 1110 2351 vitam
1159 2293 1417 2372 amplexi
1465 2299 1661 2367 erant,
1724 2295 1827 2352 alii
1884 2294 2109 2352 fuerint
2166 2293 2367 2352 clerici
2410 2293 2559 2350 nulli

322 2381 684 2439 monasterio
732 2381 992 2458 ascripti.
1085 2383 1470 2459 Negaverunt
1526 2383 1678 2440 hanc
1734 2383 2137 2460 quaestionem
2185 2382 2451 2441 Toddius
2499 2389 2558 2440 et

324 2469 580 2529 Skenius
629 2471 738 2546 (Π,
785 2492 842 2548 p.
896 2472 1005 2547 42)
1063 2492 1253 2549 neque
1319 2492 1426 2549 ego
1487 2471 1822 2530 dubitarem
1886 2471 2163 2530 accedere
2225 2472 2302 2530 ad
2356 2491 2555 2529 eorum

307 2560 696 2633 sententiam,
729 2560 844 2618 nisi
875 2580 1064 2637 pauca
1099 2567 1310 2633 essent,
1359 2581 1508 2636 quae
1541 2581 1664 2619 rem
1696 2561 1759 2618 in
1790 2561 2223 2620 dubitationem
2256 2565 2554 2620 vocarent.

321 2647 494 2706 Dixit
559 2649 714 2706 enim
777 2649 1110 2724 aliquande,
1157 2656 1228 2707 ut
1289 2650 1462 2708 modo
1510 2648 1976 2722 commemoravi,
2026 2648 2315 2708 Columba
2358 2649 2555 2707 Luxo-

321 2736 556 2810 viensis,
606 2731 887 2797 Sanctum
915 2734 1348 2818 Hieronymum
1379 2734 1625 2819 jussisse
1669 2737 1964 2821 episcopos
2000 2736 2227 2797 imitari
2269 2734 2557 2817 apostolos

318 2822 632 2885 monachos
677 2845 812 2886 vero
859 2825 1116 2886 docuisse
1161 2826 1322 2909 sequi
1347 2836 1554 2907 patres
1592 2826 1913 2909 perfect035
1974 2825 2094 2887 alia
2148 2826 2300 2887 enim
2345 2846 2462 2887 esse
2508 2835 2558 2885 et

319 2912 440 2973 alia
499 2911 838 2974 clericorum
902 2924 953 2974 et
1011 2913 1430 2976 monachorum
1492 2915 1835 2977 documenta
1882 2924 1934 2975 et
1988 2914 2152 2997 lonye
2196 2914 2272 2974 ab
2316 2914 2557 2974 invicem

320 3012 596 3083 separata
644 3005 762 3082 (ep.
799 3006 834 3061 2
883 3004 1025 3063 bibl.
1073 3026 1225 3079 max,
1275 3012 1428 3082 patr.
1467 3007 1565 3078 12,
1613 3027 1669 3083 p.
1706 3007 1786 3062 26
1822 3006 1939 3080 D.).
2005 3005 2177 3078 Quod
2225 3003 2333 3062 etsi
2366 3002 2557 3061 Gallis

321 3092 546 3151 dictum
593 3099 700 3167 est,
750 3099 946 3152 tamen
993 3094 1386 3170 suspicionem
1432 3099 1631 3153 movet
1676 3094 1737 3150 in
1770 3092 2063 3151 Hibernia
2098 3112 2330 3169 quoque
2376 3092 2557 3151 fuisse

323 3182 648 3259 episcopos,
699 3182 801 3259 qui
848 3182 1118 3241 monachi
1165 3204 1282 3241 non
1331 3188 1522 3242 essent
1557 3188 1717 3240 certe
1764 3202 1884 3240 11011
1932 3180 2200 3258 ejusdem=
2238 3181 2556 3240 strictioris

321 3271 734 3330 observantiae
781 3272 1054 3329 monachi
1100 3278 1280 3347 atque
1328 3270 1619 3329 Columba
1667 3271 1763 3346 (cf.
1812 3271 2010 3348 infra).

502 3359 704 3433 Quid?
750 3360 960 3420 Nonne
1009 3366 1069 3419 et
1117 3360 1243 3438 ipse
1288 3360 1387 3418 ille
1434 3358 1630 3419 Aidus
1676 3358 1989 3419 civitatis
2030 3354 2363 3438 ›Sleptiensis
2408 3355 2555 3439 epis-

319 3467 502 3527 copus
550 3448 710 3524 (Lib.
745 3448 954 3507 Ardm.
989 3448 1183 3527 Capit.
1216 3448 1380 3520 Aidi,
1428 3449 1699 3509 Betham.
1732 3448 1817 3522 II,
1852 3470 1987 3527 app.
2019 3448 2263 3525 XLIV)
2311 3446 2556 3506 eandem

322 3536 714 3614 suspicionem
763 3558 998 3598 movere
1044 3545 1269 3615 potest,
1333 3539 1688 3614 simulatque
1748 3539 1987 3615 legeris,
2037 3558 2187 3615 quae
2233 3537 2305 3595 de
2353 3536 2556 3595 discri-

320 3626 476 3683 mine
507 3626 666 3685 inter
698 3627 1002 3705 episcopos
1035 3627 1375 3687 monasterii
1409 3633 1467 3685 et
1509 3628 1815 3705 episcopos
1862 3627 2121 3687 civitatis
2152 3626 2557 3701 Harttungius

319 3715 577 3791 protulit
625 3716 1144 3794 (Diplomat.·hist.
1191 3716 1434 3775 Forsch.
1483 3737 1540 3794 p.
1594 3716 1673 3773 35
1726 3718 1796 3775 cf.
1852 3723 1974 3775 not.
2030 3716 2133 3793 1)?
2212 3715 2353 3774 Alia
2417 3735 2555 3773 vero

319 3804 496 3877 hujus
544 3804 632 3862 rei
677 3805 1020 3863 testimonia
1066 3826 1158 3863 me
1205 3826 1324 3864 non
1369 3805 1669 3864 invenisse
1718 3804 2026 3878 confiteor,
2084 3806 2187 3863 sed
2231 3804 2391 3862 haud
2438 3804 2555 3862 scio

321 3912 397 3949 an
453 3896 618 3968 justo
683 3894 816 3970 plus
878 3894 994 3953 viri
1055 3895 1213 3954 docti
1291 3893 1580 3953 rationem
1652 3894 1969 3954 habuerint
2029 3894 2283 3954 vitarum
2354 3912 2556 3950 eorum

321 3979 704 4055 Sanctorum,
767 4004 914 4059 quos
977 3984 1290 4042 monachos
1351 3983 1530 4042 fuisse
1596 3989 1820 4041 certum
1878 3988 1983 4042 est.
2073 3980 2183 4040 An‘
2225 3980 2557 4039 mirandum

321 4076 492 4144 esset,
542 4071 716 4148 quod,
765 4073 814 4130 si
862 4071 966 4148 qui
1012 4072 1264 4131 fuissent
1311 4073 1373 4131 111
1421 4072 1663 4131 ecclesia
1712 4070 2024 4130 Scotorum
2072 4070 2347 4147 episcopi,
2395 4088 2555 4147 pres-

319 4160 535 4236 hyteri,
582 4161 834 4234 diaconi,
885 4162 988 4239 qui
1034 4160 1306 4220 monachi
1352 4181 1470 4220 non
1520 4167 1737 4234 essent,
1787 4159 2067 4219 memoria
2115 4180 2316 4218 eorum
2362 4158 2557 4217 deleta

280 4256 478 4327 vesset
541 4250 703 4327 apud
761 4250 924 4324 illos,
1006 4250 1109 4328 qui
1170 4252 1589 4309 monachorum
1630 4250 1805 4315 =vitas
1867 4248 2345 4308 conscriberent?
2438 4246 2557 4305 Sed
