3167 4900
1484 236 1927 295 ...88—

588 417 937 476 Theodorus
968 415 1443 494 archiepiscopus
1481 420 1612 473 tum
1642 412 2111 487 Berchtwaldus,
2158 417 2286 489 ejus
2331 434 2646 487 successor,
2678 412 2836 473 Wil-

588 505 811 565 ffidum
842 507 1270 573 accusaverunt
1292 504 1472 581 (Edd.
1502 502 1613 563 vit.
1635 502 1835 561 Wflfr.
1865 501 2111 576 XLIX,
2141 524 2199 581 p.
2234 505 2270 560 7
2277 504 2388 577 08;
2428 502 2537 576 LI,
2569 524 2626 581 p.
2657 505 2837 581 711).

480 630 486 637 ·
591 594 820 671 Neque,
867 594 979 652 etsi
1022 592 1364 671 Stephanus
1408 590 1640 650 Eddius
1693 592 1884 651 iratus
1940 598 2358 651 commemorat
2403 597 2466 651 et
2509 591 2834 671 Egit-idum

588 702 789 760 regem
836 688 899 741 et
941 689 1147 760 postea
1180 680 1486 740 Alfi-idum
1532 680 1692 739 sedis
1733 680 2108 759 apostolicae.
2137 680 2362 757 judicia
2409 682 2839 759 contempsisse

588 768 717 847 (vit.
768 770 963 829 Wilfr.
1009 768 1331 843 XXXII,‘
1352 788 1413 847 p.
1461 768 1588 829 696
1637 774 1700 827 et
1742 768 1877 841 LV,
1937 790 1996 847 p.
2046 768 2218 845 714),
2273 768 2336 827 in
2383 770 2614 829 occulto
2659 770 2834 843 latet,

593 878 713 919 non
760 860 1202 937 contemptione
1246 858 1405 917 sedis
1449 857 1810 935 apostolicae
1855 858 1961 917 sed
2003 857 2142 916 odio
2175 857 2444 916 wilfi-idi
2485 876 2658 935 reges
2702 878 2834 917 esse

587 953 927 1007 commotos.
1017 948 1217 1023 Hujus
1262 946 1386 1006 odii
1431 966 1583 1024 quae
1629 946 1854 1005 fuerint
1899 964 2137 1018 causae,
2181 966 2375 1023 neque
2421 946 2590 1005 Beda
2634 965 2834 1024 neque

587 1035 927 1113 Stephanus
972 1035 1206 1094 Eddius
1266 1035 1559 1113 expressis
1606 1035 1806 1095 verbis
1849 1042 2272 1108 narraverunt,
2334 1041 2535 1094 tamen
2578 1035 2832 1093 dubium

585 1142 703 1183 non
752 1129 858 1197 est,
905 1124 1049 1201 quin
1096 1124 1391 1187 discordia
1450 1123 1554 1183 illa
1613 1124 1772 1183 inter
1817 1123 2194 1182 Theodorum
2241 1129 2302 1183 et
2345 1122 2832 1183 Berchtwaldum

588 1204 1058 1290 archiepiscopos
1104 1219 1167 1271 et
1205 1212 1551 1271 wilfridum
1596 1212 1736 1270 inde
1783 1218 1916 1271 orta
1962 1212 2057 1285 sit,
2104 1212 2264 1288 quod
2297 1212 2646 1271 Theodorus
2677 1212 2832 1271 Wil-

586 1300 730 1359 fridi
774 1301 1116 1379 parochiam
1160 1301 1343 1359 nimia
1386 1300 1800 1377 magnitudine
1857 1300 2149 1377 insignem
2203 1300 2266 1359 in
2323 1306 2582 1378 quatuor
2623 1308 2828 1379 partes

584 1385 873 1449 diviserat
917 1390 1016 1465 (cf.
1062 1389 1219 1461 Edd.
1262 1389 1369 1449 vit.
1417 1388 1617 1447 Wilfr.
1661 1388 1877 1461 XXX,
1924 1409 1982 1466 p.
2032 1386 2214 1465 694),
2269 1390 2426 1449 sicut
2469 1390 2830 1451 Merciorum

588 1496 823 1555 quoque
883 1477 1252 1554 provinciam
1268 1521 1283 1551 ,
1344 1483 1415 1537 ut
1473 1478 1756 1536 ecclesiae
1817 1482 2039 1537 statum
2101 1478 2438 1551 ordinaret,
2501 1478 2564 1536 in
2625 1478 2830 1555 plures

590 1566 887 1625 dioeceses
946 1565 1257 1637 diviserat,
1319 1572 1381 1625 et
1442 1566 1602 1644 quod
1648 1565 1962 1625 wilfridus
2019 1574 2082 1625 et
2128 1566 2423 1626 Theodori
2471 1572 2534 1625 et
2576 1566 2827 1625 Bercht·

585 1654 763 1713 waldi
810 1659 872 1713 et
926 1654 1113 1731 ipsius
1166 1654 1379 1733 synodi
1432 1655 1495 1713 in
1540 1655 1861 1715 Britannia
1915 1654 1988 1713 de
2043 1656 2153 1714 hac
2207 1675 2272 1713 re
2317 1656 2558 1715 habitae
2597 1654 2828 1731 judicia

586 1750 1023 1820 contempserat
1069 1744 1247 1819 (Edd.
1294 1744 1401 1803 vit.
1448 1744 1649 1803 Wilfr.
1694 1744 1785 1818 L„
1829 1764 1889 1821 p.
1939 1746 1974 1801 7
1981 1745 2112 1820 09).
2202 1744 2412 1821 Neque
2447 1763 2598 1821 quae
2643 1743 2831 1803 fuerit

584 1830 826 1908 ngridi
870 1831 1027 1908 regis
1072 1831 1135 1890 in
1166 1830 1511 1890 Wilfridum
1558 1832 1682 1891 odii
1728 1851 1921 1905 causa,
1965 1832 2254 1910 suspicari
2285 1833 2612 1910 nequimus.
2669 1832 2826 1892 Nam

583 1920 713 1979 luce
766 1919 983 1979 clarius
1038 1926 1131 1980 est
1174 1919 1597 1997 Aediltrydam
1651 1922 1946 1997 reginam,
2004 1939 2182 1997 quam
2227 1918 2396 1980 Beda
2451 1922 2513 1980 in
2569 1926 2826 1997 utroque

583 2008 963 2067 matrimonio
994 2042 1079 2053 —-
1111 2009 1205 2067 bis
1252 2008 1408 2067 enim
1466 2017 1782 2087 nupserat,
1846 2009 2034 2086 priori
2095 2008 2223 2067 viro
2285 2010 2545 2088 principi
2591 2008 2827 2068 cuidam

586 2094 985 2170 TondberctO,
1032 2097 1207 2156 alteri
1250 2097 1505 2173 ngrido
1543 2131 1620 2145 -
1655 2097 1948 2175 virginem
2003 2098 2290 2157 mansisse
2334 2098 2602 2177 prodidit
2645 2097 2728 2173 (h.
2775 2116 2827 2155 e.

586 2185 644 2257 4,
698 2186 796 2257 19,
843 2185 878 2261 ξ
926 2184 1099 2262 309),
1145 2185 1398 2263 ngrido
1444 2206 1654 2245 revera
1695 2186 1968 2264 copulari
2013 2204 2131 2245 non
2176 2188 2537 2265 repudiasse,
2584 2186 2636 2245 si
2672 2185 2826 2244 Wil-

582 2272 789 2344 fridus,
836 2276 1005 2347 qu’us
1037 2272 1281 2332 consilio
1310 2275 1612 2347 utebatur,
1659 2294 1846 2352 pravo
1877 2274 1968 2334 illi
1996 2275 2368 2352 virginitatis
2399 2276 2588 2335 amori
2617 2274 2828 2333 eodem

584 2361 757 2420 modo
814 2360 1151 2421 obluctatus
1206 2370 1363 2422 esset
1416 2369 1598 2439 atque
1645 2362 1937 2422 Columba
1982 2362 2274 2436 Hiiensis‚
2337 2384 2468 2423 cum
2523 2363 2596 2421 de
2643 2360 2826 2422 simili

585 2469 764 2510 causa
818 2451 1117 2526 judicaret
1163 2452 1448 2527 (Adamn.
1494 2453 1600 2512 vit.
1649 2451 1776 2512 Col.
1825 2455 1883 2526 2,
1909 2451 2036 2526 75,
2083 2475 2140 2532 p.
2191 2454 2363 2531 224).
2453 2454 2623 2513 Haec
2667 2453 2826 2512 enim

582 2546 722 2600 sunt
765 2539 967 2598 Bedae
1012 2541 1197 2599 verba
1242 2539 1324 2616 (h.
1372 2561 1420 2600 e.
1470 2541 1527 2614 4,
1566 2543 1665 2615 19,
1707 2543 1742 2619 ξ
1777 2541 1959 2618 309):
1993 2550 2287 2623 perpetua
2329 2540 2544 2600 music
2585 2539 2822 2622 viv-ymi-

580 2626 716 2687 tati's
770 2626 1095 2708 inteymltate
1134 2625 1394 2709 qloriosa
1407 2671 1425 2701 ,
1488 2627 1635 2690 sicut
1677 2627 1938 2690 mihimet
1987 2629 2108 2713 apsi
2159 2628 2489 2702 sciscitanti,
2536 2649 2672 2690 oum
2715 2627 2832 2690 Ιιοσ,

582 2733 662 2774 cm
704 2713 789 2774 ita
832 2724 972 2776 esset
1014 2715 1365 2796 quibusdam
1408 2717 1648 2778 venisset
1689 2716 1752 2778 in
1783 2717 2042 2792 dubium,
2089 2718 2286 2779 beatae
2315 2718 2632 2780 memoriae
2674 2713 2822 2778 Wil-

566 2800 777 2888 sn'dus
822 2800 1123 2883 episcopus
1175 2803 1460 2886 referebat
1502 2805 1702 2867 dicem
1754 2825 1814 2866 86
1872 2815 2068 2868 testem
2118 2806 2461 2889 inteyrz'tatis
2523 2804 2646 2888 ejus
2703 2823 2827 2867 6886

583 2889 980 2962 cati-ssimum,
1026 2891 1175 2953 adeo
1218 2902 1285 2953 ut
1328 2889 1626 2976 Eyfiidus
1658 2893 2033 2974 promiserit,
2095 2915 2156 2955 86
2209 2896 2262 2956 ei
2303 2905 2490 2956 terr-as
2535 2915 2606 2955 ac
2637 2913 2824 2975 pecu-

580 2979 711 3040 nias
756 2976 973 3040 multas
1016 2999 1132 3042 6886
1175 2981 1553 3055 donaturam,
1601 2980 1658 3042 si
1681 2983 1918 3064 reyinae
1953 2993 2150 3067 posset
2186 2983 2544 3064 persuadere
2589 2980 2707 3065 qim
2737 2981 2831 3042 αἱ

582 3067 891 3140 connubiO,
936 3069 1076 3150 quia
1121 3070 1356 3145 sciebat,
1400 3069 1573 3132 illam
1615 3069 1846 3132 nullum
1904 3071 2167 3134 virorum
2215 3069 2353 3153 plus
2406 3069 2505 3134 ilco
2563 3070 2824 3154 diliyere.

583 3155 975 3218 Accedebant
1028 3161 1181 3220 aliae
1235 3181 1473 3235 causae,
1531 3182 1684 3238 quae
1739 3182 1908 3240 reges
1955 3168 2162 3222 contra
2209 3161 2553 3220 wilfridum
2599 3163 2824 3220 excit-a-

580 3251 743 3320 rent,
806 3248 909 3306 sed
969 3267 1099 3306 cum
1159 3251 1402 3326 longum
1460 3250 1543 3308 sit
1587 3271 1687 3309 eas
1733 3269 2104 3324 enumerare,
2159 3249 2338 3310 liceat
2381 3249 2530 3308 mihi
2571 3251 2828 3309 lectores

580 3335 855 3412 delegare
900 3336 977 3394 ad
1023 3335 1287 3414 Brightii
1345 3339 1593 3412 librum,
1657 3339 1758 3416 qui
1818 3339 2042 3416 optime
2101 3339 2174 3397 de
2235 3339 2346 3397 hac
2405 3344 2534 3397 tota
2591 3359 2658 3397 re
2703 3337 2821 3396 dis-

580 3424 767 3482 seruit
820 3427 903 3502 (p.
952 3425 1080 3484 280
1136 3446 1292 3503 sqq.,
1350 3427 1477 3486 367
1536 3447 1666 3505 sqq.
1724 3433 1786 3487 et
1848 3426 2037 3502 alibi).
2141 3426 2343 3494 Unum
2409 3427 2522 3486 hoc
2590 3427 2826 3500 addam,

578 3509 845 3570 Eddium
889 3514 1051 3573 nulla
1094 3533 1159 3574 re
1202 3515 1383 3574 fuisse
1414 3515 1783 3593 impeditum,
1831 3515 2162 3592 quominus,
2209 3516 2261 3575 si
2298 3515 2567 3574 Wilfridi
2609 3516 2828 3574 turbae

584 3602 938 3676 conjunctae
980 3603 1234 3662 fuissent
1278 3622 1410 3661 cum
1466 3609 1670 3662 vetere
1725 3603 1832 3662 illa
1877 3605 2284 3664 controversia
2329 3605 2622 3682 paschali,
2671 3604 2824 3663 Wil-

581 3688 803 3746 fridum
870 3689 1277 3769 introduceret
1346 3690 1828 3768 martyrizantem
1902 3713 2013 3773 pro
2074 3693 2480 3752 Romanorum
2539 3691 2823 3766 moribus,

582 3793 778 3854 neque
822 3777 947 3835 ulla
991 3797 1057 3836 re
1102 3779 1283 3838 fuisse
1330 3787 1617 3855 coactum,
1661 3787 1732 3840 ut
1778 3779 2098 3855 Ceaddam,
2145 3782 2239 3840 cui
2283 3781 2478 3860 primo
2509 3779 2826 3839 wilfridus

580 3865 771 3938 cessit,
816 3883 1048 3924 sewum
1092 3865 1189 3926 dei
1228 3863 1730 3948 reliyioeissimum
1773 3877 1825 3928 et
1868 3865 2284 3930 admirabilem
2313 3869 2608 3930 doctorem
2635 3867 2823 3928 nomi-

578 3962 753 4013 naret
813 3953 1016 4030 (XIV,
1078 3975 1135 4034 p.
1186 3955 1366 4034 685);
1426 3991 1507 4004 —-
1566 3965 1729 4018 certo
1789 3957 1937 4017 illud
1997 3979 2116 4018 non
2178 3958 2472 4018 omisisset
2531 3960 2642 4018 hoc
2701 3977 2824 4016 non

578 4043 840 4114 fecisset,
891 4043 941 4102 si
989 4042 1231 4103 Ceadda
1278 4051 1339 4103 et
1384 4045 1489 4122 qui
1534 4065 1666 4104 cum
1713 4066 1782 4106 eo
1837 4051 2036 4126 erant,
2085 4045 2374 4106 Romanis
2429 4047 2635 4106 infesti
2679 4046 2821 4105 fuis·

578 4137 727 4190 sent.
787 4131 1005 4210 Itaque
1036 4132 1308 4192 wilfridi
1349 4132 1603 4193 historia
1646 4135 1886 4194 minime
1933 4137 2154 4210 obstat,
2201 4136 2514 4212 quominus
2559 4136 2828 4195 dicamus

578 4219 747 4279 brevi
790 4227 1057 4322 tempore
1104 4228 1165 4280 et
1211 4221 1337 4280 sine
1384 4222 1604 4300 pugnis
1647 4222 2278 4301 Nordanhymbrorum
2338 4225 2643 4285 ecclesiam
2690 4243 2824 4284 cum

578 4306 853 4368 Romana
896 4309 959 4368 in
1005 4328 1189 4371 unum
1237 4329 1449 4389 corpus
1496 4311 1798 4372 coaluisse.
