3167 4900
1505 210 1946 267 ...72-

606 390 929 449 solventur.
996 388 1153 449 Nam
1198 407 1331 447 cum
1376 387 1579 446 eodem
1611 406 1786 457 amm,
1833 404 1952 461 quo
1983 385 2319 448 Gumeanus
2352 382 2606 461 Segenio
2635 402 2856 442 renun-

608 478 803 551 ciavit,
850 477 1129 535 Hiienses
1177 481 1517 535 consecrato
1560 474 2074 551 Nordanhymbris
2121 474 2398 553 episcopo
2446 472 2856 550 principatum

606 586 779 625 suum
842 567 1004 625 ultra
1048 566 1357 623 Pictorum
1414 564 1563 624 fines
1621 564 1690 623 in
1739 564 1930 641 ipsam
1973 561 2354 621 Britanniam
2397 559 2856 639 promovissent,

606 655 745 713 inde
802 656 885 715 ab.
940 674 1095 713 anno
1146 654 1275 713 634
1320 655 1523 732 potior
1573 673 1716 731 pars
1775 651 2054 711 ecclesiae
2097 648 2734 710 Hiberae-Scotorum
2789 648 2856 707 in

602 743 1061 821 septentrionali
1100 742 1423 801 Britannia
1466 747 1614 814 erat,
1657 742 1722 799 in
1766 740 1983 799 finibus
2021 740 2350 811 Pictorum,
2389 737 2707 797 Scotorum
2738 736 2854 795 Al-

606 832 973 905 banensium,
1017 832 1075 891 N
1077 832 1646 907 ordanhymbrorum
1691 829 2059 904 aliorumque
2105 826 2424 887 Saxonum.

786 920 907 979 Sed
976 939 1155 978 unam
1224 928 1402 979 antea
1464 938 1796 997 proponere
1857 918 2035 977 liceat
2093 916 2514 993 quaestionem.
2620 914 2854 987 Nonne,

602 1029 844 1085 qnaesO,
892 1029 1025 1067 cum
1068 1016 1193 1067 tam
1239 1008 1412 1068 facile
1458 1014 1521 1067 et
1563 1013 1689 1067 tam
1721 1006 1992 1067 celeriter
2022 1005 2300 1066 australis
2329 1003 2663 1063 Hiberniae
2695 1003 2853 1080 epis-

606 1098 742 1174 copi
773 1116 906 1157 cum
936 1097 1223 1157 Romanis
1252 1098 1600 1157 societatem
1625 1094 1889 1167 inierint,
1919 1094 2239 1153 absurdum
2259 1098 2377 1166 est,
2409 1112 2542 1151 cum
2571 1090 2854 1151 Ebrardo

608 1192 825 1263 putare
872 1192 935 1244 et
978 1185 1249 1245 doctrina
1294 1192 1356 1245 et
1400 1186 1662 1245 moribus
1708 1186 1884 1261 longe
1927 1183 2223 1243 diversam
2267 1181 2448 1241 fuisse
2493 1201 2529 1238 a
2573 1180 2854 1239 Romana

606 1274 913 1333 ecclesiam
944 1274 1297 1333 Scotorum?
1374 1273 1481 1333 An
1526 1272 1810 1333 credibile
1854 1279 1944 1333 est
1974 1271 2356 1342 Cumae-num,
2403 1269 2458 1327 si
2499 1268 2590 1329 it'a
2620 1268 2851 1341 fuisset,

602 1362 677 1421 de
738 1364 905 1421 nulla
961 1363 1085 1421 alia
1140 1383 1206 1420 re
1268 1362 1386 1422 nisi
1446 1363 1521 1421 de
1580 1362 1950 1421 celebrandis
2002 1360 2171 1419 festis
2216 1358 2594 1436 paschalibus
2639 1356 2852 1417 diebus

602 1450 861 1527 Segenio
908 1451 1215 1528 scripsisse
1231 1450 1260 1509 P
1330 1450 1491 1524 Quin
1536 1450 1717 1509 etiam
1763 1450 1892 1528 ipse
1937 1469 2095 1527 papa
2141 1467 2275 1507 cum
2307 1446 2500 1509 Scotis
2546 1466 2730 1523 agens
2777 1446 2853 1503 (16

604 1540 772 1597 nulla
816 1538 934 1598 alia
976 1560 1042 1598 re
1088 1538 1205 1598 nisi
1234 1540 1310 1597 de
1340 1539 1746 1599 controversia
1775 1538 2040 1616 paschali
2071 1544 2136 1595 et
2163 1538 2236 1597 de
2265 1535 2592 1612 Pelagiana
2621 1533 2854 1595 haeresi

603 1632 815 1705 utpote
870 1627 1033 1704 apud
1077 1625 1289 1687 Scotos
1332 1628 1754 1688 revisviscente
1798 1628 1982 1687 verba
2025 1627 2170 1687 fecit
2215 1624 2408 1701 (Beda
2451 1624 2510 1683 h.
2553 1644 2602 1683 e.
2654 1624 2712 1696 2,
2769 1624 2849 1681 19

604 1716 641 1792 ἓ
694 1715 821 1774 144
852 1718 967 1792 sq.)
1014 1748 1100 1761 —-
1148 1716 1549 1795 Conspicuum
1593 1716 1744 1775 illud
1789 1717 2058 1788 alterum,
2105 1714 2220 1774 etsi
2249 1712 2524 1775 Ebrardo
2573 1714 2656 1790 (p.
2697 1713 2852 1787 171)

600 1803 787 1863 risum
848 1805 1063 1877 movit,
1124 1805 1347 1883 quippe
1402 1806 1507 1882 qui
1561 1826 1681 1865 non
1727 1804 2074 1883 cognoverit
2115 1804 2180 1862 in
2223 1803 2378 1862 libro
2424 1800 2850 1861 Ardmachano

602 1892 851 1969 singulis
898 1894 1171 1971 epistulis
1201 1894 1475 1955 Paulinis
1518 1915 1561 1953 a
1587 1893 1851 1953 librariis
1880 1892 2206 1971 praemissa
2235 1912 2360 1951 esse
2391 1895 2744 1967 argumenta
2775 1910 2851 1949 ex

600 1979 837 2059 Pelagii
873 1981 935 2039 in
978 1983 1266 2059 epistulas
1296 1984 1579 2044 Paulines
1611 1982 2076 2061 expositionibus
2105 1982 2416 2057 desumpta
2445 1979 2730 2054 (Betham
2760 1976 2850 2047 ΙΙ,

602 2090 663 2147 p.
712 2072 793 2127 26
806 2072 835 2128 1
889 2074 1061 2148 sqq.).
1138 2072 1307 2145 Quae
1350 2079 1553 2133 utrum
1597 2071 1846 2149 Pelagio
1892 2092 1968 2131 an
2008 2071 2375 2145 Hieronymo
2419 2068 2683 2146 ascripta
2729 2066 2852 2126 sint

603 2158 671 2220 iu
714 2158 869 2216 libro
915 2160 1355 2233 Ardmachano,
1400 2162 1616 2233 nescio,
1660 2182 1796 2220 nam
1843 2180 2034 2235 neque
2075 2158 2428 2219 Bethamius
2473 2174 2670 2233 neque
2699 2155 2848 2215 Ske-

600 2246 740 2305 nius
787 2245 897 2320 (ΙΙ,
944 2268 1005 2323 p.
1052 2248 1208 2323 424)
1254 2250 1329 2307 de
1383 2249 1493 2307 hac
1548 2270 1614 2307 re
1669 2250 1852 2309 verba
1895 2250 2181 2308 fecerunt.
2271 2246 2391 2307 Sed
2435 2266 2570 2307 cum
2615 2250 2852 2305 constet

605 2334 841 2411 Pelagii
884 2335 1281 2412 expositiones
1326 2336 1511 2395 hodie.
1547 2336 1804 2397 inveniri
1847 2338 2006 2397 inter
2049 2335 2402 2411 Hieronymi
2447 2356 2649 2412 opera,
2695 2354 2852 2412 quae

601 2422 849 2484 summis
894 2423 959 2481 in
1002 2424 1325 2486 honoribus
1367 2426 1529 2504 apud
1558 2424 1768 2487 Scotos
1797 2426 2188 2500 habebantur,
2235 2424 2444 2484 Scotos
2475 2430 2687 2503 aperte
2719 2443 2855 2484 cum

603 2512 852 2591 Pelagio
912 2513 1163 2574 sensisse
1222 2535 1342 2574 non
1404 2515 1598 2575 crede.
1693 2515 1917 2574 Tamen
1975 2514 2177 2574 fictam
2221 2515 2402 2576 fuisse
2448 2513 2612 2572 illam
2658 2533 2853 2590 papae

602 2602 1133 2676 insimulationem,
1195 2604 1327 2680 quis
1386 2605 1742 2664 contendere
1801 2603 2019 2663 audeat
2033 2603 2062 2662 Ρ
2155 2603 2276 2664 Sed
2330 2622 2460 2662 cum
2507 2602 2626 2660 alia
2671 2602 2854 2678 hujus

598 2689 688 2747 rei
734 2689 943 2748 certa.1
988 2692 1210 2751 mentio
1255 2713 1375 2751 non
1420 2698 1718 2765 occurrat,
1781 2698 1989 2752 contra
2033 2712 2168 2751 cum
2209 2691 2340 2770 ipse
2385 2690 2704 2750 wilfridus
2751 2691 2854 2767 (de

598 2796 721 2852 quo
780 2777 966 2853 infra)
1026 2799 1181 2840 anno
1244 2782 1373 2838 680
1426 2801 1545 2861 pro
1599 2781 1762 2840 oenm‘
1811 2777 2133 2861 aquilonali
2169 2787 2352 2860 parte
2395 2777 2754 2840 Britanniae
2799 2787 2854 2838 et

601 2862 923 2926 Ilibe‘miae
976 2863 1206 2939 insulis,
1262 2888 1410 2950 quae
1464 2869 1537 2930 ab
1584 2866 1920 2950 Anylorum
1966 2877 2018 2928 et
2062 2867 2386 2928 Britomcm
2439 2887 2662 2930 necnon
2705 2865 2850 2928 Sco-

598 2963 796 3014 torum
840 2963 893 3016 et
921 2951 1229 3016 Piotmmm
1268 2955 1529 3037 yemibus
1574 2955 1912 3018 colebantur
1953 2975 2154 3016 veram
2199 2965 2252 3017 et
2281 2953 2630 3016 catholwam
2653 2956 2852 3040 fidem

598 3046 974 3104 confessus
1004 3045 1103 3104 sit
1126 3045 1437 3124 (Stephan.
1461 3047 1694 3106 Eddius
1725 3047 1832 3106 vit.
1855 3046 2052 3105 Wilfr.
2085 3066 2132 3104 c.
2167 3045 2250 3104 50
2283 3046 2440 3105 Mab.
2467 3045 2628 3106 Acta
2659 3046 2774 3119 IV,
2813 3047 2846 3104 1

597 3152 739 3210 app.
771 3155 829 3211 p.
866 3135 1039 3209 710),
1085 3134 1326 3194 levioris
1371 3135 1656 3194 momenti
1699 3155 1818 3194 non
1849 3155 1975 3194 esse
2014 3153 2135 3192 non
2165 3140 2363 3211 potest
2393 3135 2497 3194 illa
2527 3136 2849 3195 accusatio.

599 3219 946 3281 Praeterea:
994 3222 1131 3299 quis
1175 3223 1383 3282 tulerit
1428 3223 1730 3283 Gracchos
1776 3223 1850 3282 de
1895 3222 2184 3282 seditione
2231 3225 2572 3300 querentes!

778 3310 1011 3370 Omissa
1069 3311 1261 3387 igitur
1317 3312 1428 3371 hac
1486 3311 1930 3372 insimulatione
1988 3329 2098 3388 pro
2161 3318 2323 3370 certo
2370 3313 2711 3371 habendum
2757 3319 2852 3372 est

596 3399 903 3458 ecclesiam
951 3398 1263 3459 Scotorum
1311 3400 1638 3460 Columbae
1693 3407 1891 3460 aetate
1937 3417 2069 3458 cum
2115 3399 2408 3460 catholica
2453 3401 2526 3458 de
2571 3400 2852 3462 doctrina

600 3486 777 3562 plane
836 3488 1215 3548 consensisse.
1307 3489 1461 3548 Nam
1519 3510 1672 3566 quae
1715 3488 2030 3548 Ebrardus
2081 3489 2336 3565 protulit
2389 3489 2462 3546 de
2507 3495 2851 3550 sanctorum

600 3578 665 3630 et
706 3574 1089 3650 reliquiarum
1136 3575 1302 3636 cultu
1346 3583 1559 3656 utpote
1605 3599 1640 3638 a
1671 3577 1868 3638 Scotis
1911 3577 2228 3654 repudiato
2275 3584 2338 3638 et
2380 3577 2456 3636 (16
2495 3577 2850 3654 virginitate

600 3659 665 3718 in
725 3664 967 3722 summis
1026 3664 1351 3724 honoribus
1410 3687 1531 3726 non
1584 3666 1819 3739 habita,
1881 3671 2006 3724 tam
2050 3665 2206 3726 levia
2251 3673 2417 3739 sunt,
2479 3672 2548 3725 ut
2591 3686 2728 3726 cum
2773 3687 2851 3725 ex

599 3749 745 3826 ipsis
790 3754 934 3825 ejus,
980 3753 1053 3810 (16
1094 3773 1211 3830 qua
1242 3754 1491 3832 agimus,
1536 3755 1753 3814 aetatis
1783 3754 2139 3813 testimoniis
2169 3755 2396 3812 nullum
2429 3761 2848 3831 argumentum

598 3837 910 3900 Ebrardus
965 3843 1310 3918 protulerit,
1367 3844 1515 3902 mihi
1567 3850 1906 3921 pertaesum
1953 3842 2058 3916 sit,
2118 3844 2294 3920 plura
2339 3843 2412 3904 de
2458 3843 2570 3902 hac
2613 3864 2680 3902 re
2727 3844 2846 3902 dis·

598 3934 829 4005 putare.
922 3927 1084 3991 Satis
1142 3931 1393 3990 habeam
1453 3951 1791 3994 asseverare
1851 3950 1944 3990 me
2005 3931 2232 3989 nullum
2293 3931 2571 3991 clericum
2627 3933 2846 3992 nedum

746 4155 767 4186 ²
806 4155 1005 4225 Neque
1032 4155 1293 4210 Ueserius
1320 4157 1391 4210 de
1416 4155 1878 4226 Pelagianismo
1861 4174 1922 4209 1n
1941 4156 2240 4210 Britannia
2264 4157 2642 4214 reviviscente
2669 4159 2844 4212 disse-

594 4241 725 4279 rens
774 4226 1190 4295 (Gotteschalci
1238 4231 1299 4280 et
1342 4227 1905 4282 Praedestinatianae
1953 4229 2374 4284 controversiae
2422 4229 2492 4282 ab
2543 4245 2608 4284 eo
2655 4233 2844 4284 motae

527 4366 536 4373 “
596 4293 847 4350 historia.
924 4297 1439 4354 Hanoviae.1662.
1502 4316 1557 4366 p.
1601 4299 1630 4350 1
1671 4299 1818 4368 sqq.)
1857 4299 2022 4366 plura
2068 4299 2264 4354 attulit
2302 4304 2460 4354 certa
2497 4301 2840 4356 testimonia.
