3167 4900
1453 245 1538 255 ....
1636 211 1715 268 56
1807 244 1894 254 ,-

558 390 916 452 nominanda
954 395 1094 450 sunt
1124 388 1608 448 Ardmachanum
1654 385 1719 449 in
1748 388 2011 462 Ultonia,
2060 392 2225 466 cujus
2266 390 2453 449 abbas
2490 423 2565 432 —--
2603 395 2803 468 poste-

557 483 713 542 riore
759 480 995 557 quidem
1029 484 1224 538 aetate
1256 480 1437 555 (697)
1475 513 1550 522 -
1588 478 1907 536 multorum
1955 479 2297 537 clericorum
2344 476 2616 556 synodali
2662 498 2801 538 con-

556 570 764 631 ventui
808 568 1134 646 praefuisse
1179 568 1372 626 fertur
1418 565 1639 643 (Skene
1668 566 1754 640 H,
1786 588 1844 644 p.
1882 568 2035 644 173)
2079 574 2138 626 et
2182 567 2411 645 primus
2458 567 2806 626 nominatur

557 661 619 718 in
668 658 922 736 epistula
967 657 1014 714 J
1016 656 1265 715 ohannis
1309 676 1500 733 papae
1545 655 1703 714 infra
1751 655 2286 728 commemoranda,
2342 656 2691 714 Leclinense
2737 654 2805 712 in

557 747 842 824 Lagonia,
891 743 1180 804 Glonense
1227 744 1689 821 (Olonmacnois)
1733 745 1797 802 in
1841 744 2043 816 mdia,
2092 743 2503 804 Olonfertense
2547 745 2612 802 in
2644 743 2803 802 Con-

562 836 758 896 nactia
791 835 1016 912 (Usser,
1059 832 1311 909 Antiqu.
1342 853 1402 910 p.
1437 833 1609 911 955),
1657 835 1908 893 alterum
1940 832 2349 893 Clonfertense
2378 835 2442 891 in
2474 833 2805 892 confinibus

556 925 888 985 Momoniae
921 929 984 981 et
1011 923 1315 999 Lageniae
1347 919 1569 997 (Skene
1600 921 1686 996 II,
1717 945 1774 1000 p.
1810 923 1935 999 56),
1985 943 2233 999 quorum
2266 922 2599 982 Oumeanus
2638 943 2802 981 men·

556 1016 780 1074 tionem
825 1012 967 1070 fecit
1009 1013 1072 1070 in
1117 1011 1372 1090 epistula
1418 1032 1540 1071 sua.
1559 1011 1587 1048 1
1646 1008 1791 1070 Alia
1837 1031 1975 1070 num
2020 1011 2153 1089 pari
2184 1011 2542 1070 auctoritate
2584 1012 2801 1070 florue-

558 1104 698 1176 rint,
743 1100 996 1174 nescio,2
1041 1121 1232 1178 neque
1277 1101 1453 1159 velim
1499 1105 1673 1178 putes
1720 1120 1947 1174 eorum,
2004 1121 2156 1178 quae
2204 1101 2803 1174 commemoravimus,

559 1191 1052 1251 monasteriorum
1111 1189 1527 1249 auctoritatem
1598 1195 1827 1248 tantam
1897 1189 2103 1263 fuisse,
2174 1195 2400 1266 quanta
2458 1189 2807 1250 monasterii

557 1281 845 1340 Hiiensis.
1538 1325 1542 1332 .

738 1369 948 1446 Neque
1008 1369 1136 1445 ipse
1197 1364 1509 1436 Columba,
1580 1367 1631 1426 si
1692 1367 1756 1424 in
1816 1367 2112 1426 Hibernia
2170 1369 2509 1441 mansisset,
2570 1372 2805 1426 tantam

560 1457 974 1519 auctoritatem
1034 1461 1188 1516 esset
1235 1461 1580 1516 consecutus
1596 1500 1610 1529 ,
1682 1476 1818 1514 nam
1878 1456 2303 1535 impedimento
2363 1458 2574 1517 fuisset
2632 1457 2808 1534 regni

560 1548 967 1606 Hibernorum
1014 1547 1221 1604 forma.
1308 1543 1593 1622 Singulae
1640 1545 1795 1603 enim
1842 1544 2248 1604 Hibernorum
2293 1546 2505 1619 tribus,
2550 1566 2808 1622 quarum

562 1636 741 1697 saluti
788 1636 1022 1712 singula
1067 1634 1426 1693 monasteria
1471 1634 1813 1694 serviebant
1856 1633 2080 1710 (Skene
2110 1634 2196 1708 H,
2228 1657 2285 1712 p.
2323 1635 2431 1711 72)
2480 1641 2543 1710 et
2590 1635 2809 1712 quibus

562 1745 694 1785 cum
741 1725 1114 1784 monasteriis
1159 1728 1283 1781 tam
1331 1728 1494 1782 arcta
1540 1723 1912 1782 necessitudo
1969 1729 2122 1798 erat,
2188 1730 2259 1783 ut
2312 1724 2810 1784 monasteriorum

561 1816 810 1874 abbates
863 1816 999 1889 jure
1055 1812 1309 1890 quodam
1355 1812 1751 1871 haereditario
1798 1813 2162 1889 eligerentur
2207 1834 2280 1871 ex
2325 1813 2529 1873 eadem
2575 1833 2810 1890 semper

559 1903 786 1963 familia
841 1904 936 1962 vel
999 1903 1209 1961 saltem
1271 1901 1460 1975 tribu,
1521 1902 1647 1961 sive
1704 1922 1775 1960 ex
1823 1923 1916 1974 ea,
1981 1922 2097 1977 qua
2144 1900 2486 1964 monasterii
2534 1902 2810 1962 conditor

566 1997 732 2052 ortus
777 1998 923 2064 erat,
972 1992 1098 2051 sive
1143 2011 1228 2064 ea,
1279 2011 1348 2048 ex
1396 2011 1514 2066 qua
1559 1997 1737 2050 natus
1784 1997 1913 2050 erat
1946 1991 2012 2064 is,
2062 1991 2165 2068 qui
2210 1991 2299 2049 illi
2332 2013 2507 2068 agros
2539 1993 2805 2068 assigna·

561 2086 732 2141 verat
779 2080 854 2138 ad
901 2080 1376 2139 constituendum
1418 2081 1845 2138 monasterium
1878 2079 2099 2156 (Skene
2129 2080 2214 2152 H,
2247 2102 2304 2158 p.
2341 2083 2422 2138 66
2460 2084 2629 2158 sqq),
2677 2081 2810 2153 hae,

561 2171 831 2246 inquam,
877 2168 1071 2227 tribus
1117 2168 1180 2224 in
1224 2187 1406 2226 unum
1453 2188 1665 2246 corpus
1712 2188 1831 2226 non
1877 2169 2153 2229 redactae
2200 2176 2371 2228 erant
2416 2169 2534 2228 nisi
2579 2170 2694 2243 ita,
2740 2176 2813 2227 ut

562 2257 845 2339 permulti
882 2256 996 2315 -illi
1056 2255 1272 2332 reguli,
1344 2257 1446 2333 qui
1505 2257 1751 2334 singulis
1810 2257 2087 2318 tribubus
2155 2265 2501 2337 praeerant,
2569 2256 2811 2334 regibus

560 2366 876 2426 pagorum,
935 2352 1006 2405 ut
1049 2345 1138 2404 ita
1183 2345 1403 2419 dicam,
1464 2346 1659 2422 reguli
1712 2367 2003 2425 pagorum
2063 2348 2305 2424 regibus
2352 2347 2811 2426 provinciarum,

564 2436 818 2513 denique
863 2434 926 2493 hi
973 2435 1234 2512 quinque
1282 2454 1507 2494 summo
1553 2435 1740 2496 totius
1801 2436 2025 2497 insulae
2072 2458 2210 2515 rege
2256 2436 2569 2496 inferiores
2616 2441 2814 2495 essent

567 2524 791 2603 (Skene
821 2524 943 2598 HI,
989 2546 1045 2603 p.
1085 2524 1207 2583 135
1242 2526 1412 2601 sqq.).
1501 2524 1715 2585 Nonne
1762 2533 2012 2604 apparet
2070 2526 2181 2584 hac
2241 2527 2433 2585 forma
2479 2526 2654 2603 regni
2699 2526 2811 2584 Hi-

564 2614 788 2673 bernici
849 2619 910 2685 et
966 2613 1078 2671 hac
1137 2613 1211 2671 de
1271 2614 1634 2673 successione
1696 2616 1977 2675 abbatum
2050 2617 2181 2691 lege
2251 2614 2605 2691 impeditum
2668 2634 2815 2689 esse,

566 2702 876 2781 quominus
933 2720 1117 2759 unum
1178 2703 1566 2761 monsterium
1614 2706 1712 2763 vel
1772 2723 1960 2781 pauca
2014 2704 2076 2760 in
2134 2702 2406 2762 omnibus
2467 2705 2653 2763 totius
2699 2704 2811 2762 Hi-

567 2790 809 2850 berniae
856 2790 1228 2849 monasteriis
1287 2791 1693 2870 principatum
1755 2792 2067 2851 tenerent?
2135 2791 2327 2849 Immo
2389 2794 2577 2852 multa
2639 2799 2816 2851 erant

565 2882 628 2939 in
676 2879 971 2939 Hibernia
1017 2880 1398 2953 monasteria,
1461 2900 1614 2956 quae
1670 2887 1905 2941 tantum
1952 2881 2044 2939 sui
2084 2880 2238 2957 juris
2283 2880 2464 2940 fuisse
2512 2881 2811 2941 videntur.

568 2970 700 3044 Quo
755 2969 975 3028 factum
1033 2976 1146 3044 est,
1217 2976 1287 3029 ut
1343 2970 1591 3029 ecclesia
1638 2970 1951 3030 Scotorum
2006 2969 2180 3028 unius
2238 2968 2501 3047 corporis
2558 2970 2815 3048 speciem

566 3079 683 3117 non
729 3059 1061 3137 praeberet.
1153 3060 1380 3119 Deerat
1426 3058 1600 3133 enim,
1650 3060 1753 3137 qui
1799 3060 1863 3118 in
1910 3080 2016 3118 sua
2061 3078 2314 3136 persona
2360 3060 2638 3119 ecclesiae
2684 3060 2815 3117 uni-

565 3154 750 3207 tatem
798 3153 937 3205 ante
984 3149 1182 3207 oculos
1228 3155 1493 3228 poneret.
1519 3148 1546 3185 '³
1637 3149 1811 3223 Quod
1857 3149 2034 3207 etiam
2091 3168 2247 3222 eum,
2312 3149 2416 3224 qui
2474 3150 2813 3225 catalogum

747 3323 768 3354 ²
806 3320 1146 3375 Numeravit
1195 3319 1343 3373 enim
1395 3320 1627 3391 (Usser,
1678 3326 1792 3376 vet.
1833 3339 1927 3389 ep.
1968 3320 2187 3373 hibern.
2228 3321 2355 3387 syll.
2413 3339 2467 3390 p.
2508 3321 2605 3389 23)
2658 3320 2815 3374 inter

570 3411 593 3445 s
637 3392 1010 3445 ectatissimos
1038 3391 1354 3445 Hiberniae
1393 3392 1716 3446 sacerdotes
1756 3408 2101 3446 successores
2130 3391 2188 3443 S.
2218 3391 2409 3455 Albei,
2454 3392 2810 3445 Leclinensis

568 3466 592 3531 (
651 3478 791 3525 sser,
840 3462 1074 3532 Antiqu.
1123 3480 1178 3529 p.
1220 3463 1348 3530 936)
1388 3463 1608 3516 Kerani
1646 3463 1936 3518 Olonensis
1978 3462 2192 3531 (Skene
2232 3461 2313 3527 II,
2362 3481 2417 3531 p.
2460 3464 2573 3531 52),
2630 3464 2811 3516 Bren-

569 3532 724 3597 dani,
785 3532 1192 3586 Clonfertensis
1231 3532 1444 3601 (Skene
1481 3534 1613 3602 ib.),
1675 3534 1803 3601 Lug
1804 3534 1909 3597 idi,
1972 3533 2205 3586 alterius
2246 3532 2653 3587 Olonfertensis
2690 3552 2811 3586 mo-

567 3604 803 3657 nasterii
841 3604 1061 3657 abbatis
1103 3602 1316 3673 (Usser‚
1359 3604 1595 3673 Antiqu.
1638 3606 1742 3659 919
1768 3623 1847 3674 sq.
1889 3574 2007 3658 935.
2050 3604 2197 3673 943).
2264 3604 2439 3659 Tacui
2478 3605 2549 3657 de
2589 3622 2810 3659 succes-

571 3692 698 3728 sore
739 3674 1007 3739 Nessani,
1050 3692 1216 3743 quem
1255 3676 1450 3743 quinto
1489 3676 1616 3731 loco
1654 3675 1935 3740 nominat,
1990 3674 2121 3744 quia
2159 3676 2230 3729 de
2268 3674 2395 3745 ipso
2437 3674 2691 3729 Nessano
2726 3676 2813 3729 nil

569 3749 790 3800 constat
851 3744 1040 3810 Usser,
1079 3744 1313 3813 Antiqu.
1355 3746 1501 3815 961).

864 3833 955 3870 am
1001 3833 1144 3884 quae
1193 3817 1264 3869 de
1303 3818 1428 3870 aliis
1465 3821 1529 3871 ut
1562 3816 1935 3871 Ratheniensi
1982 3818 2041 3869 in
2078 3818 2310 3872 incertis
2349 3817 2508 3882 vitis,
2568 3818 2813 3873 fortasse

570 3816 772 3942 adhu02
787 3887 958 3940 hodie
996 3887 1226 3941 ineditis
1264 3888 1568 3942 traduntur
1598 3886 1814 3957 (Usser,
1842 3887 2125 3957 Antiquit.
2152 3908 2207 3958 p.
2238 3889 2359 3943 911.
2389 3890 2459 3943 cf.
2489 3859 2617 3958 919)
2659 3890 2813 3959 equi-

569 3959 698 4013 dem
738 3958 1054 4012 examinare
1093 3976 1206 4013 non
1242 3960 1419 4028 potui.
2814 3966 2819 3969 '

755 4030 777 4061 ³
816 4029 992 4082 Liber
1028 4029 1164 4099 Ang
1167 4031 1242 4083 eli
1280 4031 1543 4099 (Betham
1583 4029 1675 4094 ΙΙ,
1738 4047 1809 4098 ap
1772 4047 1865 4098 p.p
1907 4028 2133 4094 XLVI,
2193 4030 2263 4084 cf.
2306 4048 2408 4098 sup
2413 4048 2477 4083 ra
2526 4049 2581 4098 p.
2620 4033 2713 4099 35)
2755 4036 2816 4084 ct

572 4099 731 4153 Fieci
768 4099 1006 4166 hymnus
1060 4102 1138 4169 (v.
1178 4102 1246 4155 49
1285 4100 1358 4153 H.
1401 4102 1510 4154 and
1551 4101 1634 4154 St.
1673 4100 1756 4165 ΙΙ,
1810 4101 1948 4168 2‚p
1954 4100 2137 4167 ‚359)
2188 4101 2308 4153 sedi
2356 4101 2811 4165 Ardmachanae,

569 4188 736 4239 quam
781 4170 900 4239 jam
948 4170 1210 4225 Muirchu
1263 4170 1530 4239 (Betham
1567 4171 1656 4236 ΙΙ,
1707 4190 1833 4239 app.
1887 4118 1948 4240 pp
1982 4170 2124 4239 XV)
2165 4171 2234 4223 ab
2274 4171 2397 4239 ipso
2437 4171 2689 4226 Patricio
2727 4172 2811 4226 in-

573 4241 2814 4383 ”fiffi0220122ss..33{52.?13f335ffi..3.„²133”mmssssgfiaffimessguniff¹335?
