3167 4900
1234 222 1718 277 -117-

348 401 535 461 fuisse
594 398 940 457 Eckhartus
1000 396 1233 456 censuit
1284 394 1565 472 (Francia
1627 396 1935 455 orientalis
1981 395 2042 468 I,
2101 416 2163 474 p.
2208 397 2382 472 270),
2440 401 2597 457 teste

348 491 481 551 vita
524 486 865 547 Audomari
913 488 971 558 7,
1016 486 1173 547 nab.
1220 485 1321 559 ΙΙ,
1368 506 1503 545 ann.
1554 487 1701 559 667,
1747 506 1806 563 p.
1856 485 1982 542 562
2029 504 2148 543 non
2193 486 2256 543 in
2302 484 2598 545 Hibernia

350 578 459 639 sed
506 577 569 635 in
629 575 872 653 regione
928 574 1378 635 constantiensi
1432 581 1610 633 natus
1663 583 1812 633 erat.
1900 574 2282 650 Arbogastus
2342 572 2598 649 denique

350 676 415 726 et
470 663 841 737 Florentius,
896 663 1441 740 Argentoratenses
1494 664 1758 741 episcopi
1805 662 2168 739 (Harttung,
2229 684 2288 740 p.
2337 664 2418 720 26
2433 706 2448 735 ,
2494 662 2598 723 sed

350 755 494 816 vide
536 753 685 813 illud
730 748 1009 812 vielleieht
1056 774 1114 829 p.
1148 752 1259 827 32)
1306 751 1423 809 nisi
1467 752 1625 828 apud
1679 751 2026 830 posterioris
2079 752 2363 827 temporis
2415 750 2598 829 scrip·

346 852 514 905 tores
562 842 707 918 (vid.
752 841 1051 917 Rettberg
1095 839 1181 913 II,
1228 862 1287 917 p.
1336 840 1419 898 63
1468 842 1622 916 sqq.)
1670 838 1835 898 Scoti
1891 859 2009 898 non
2063 840 2474 911 nominantur,
2537 845 2599 899 et

350 952 505 1009 quae
567 931 651 991 sit
709 928 1107 1008 posteriorum
1176 928 1241 988 in
1308 928 1419 987 hac
1481 949 1547 987 re
1607 930 1934 988 auctoritas
1995 934 2247 1006 apparet
2307 949 2378 986 ex
2443 927 2597 987 vitae

354 1007 779 1097 Obrodegangi
823 1020 998 1093 (saec.
1044 1016 1163 1075 IX.
1210 1017 1509 1094 Rettberg
1554 1018 1606 1089 I,
1654 1039 1712 1095 p.
1760 1018 1917 1094 493)
1963 1017 2148 1077 hisce:
2197 1012 2596 1097 Bonifatium,

350 1108 457 1191 qui
496 1117 550 1167 et
607 1103 942 1188 Winffidm
987 1105 1194 1177 dm,
1240 1125 1313 1165 ex
1344 1102 1636 1165 Hibernia
1679 1104 1992 1164 venientem
2021 1105 2336 1179 (Eckhart,
2383 1105 2598 1165 Franc.

355 1198 567 1256 orient.
598 1196 653 1268 Ι,
699 1216 759 1274 Ρ.
794 1196 967 1271 920).
1027 1193 1149 1253 Sed
1192 1194 1345 1253 hane
1390 1214 1515 1253 rem
1564 1194 1609 1252 ii
1654 1194 1999 1269 dijudicent,
2049 1194 2150 1269 qui
2197 1194 2412 1267 omnia,
2445 1213 2597 1271 quae

352 1291 613 1358 exstant,
659 1285 1023 1343 saeculorum
1055 1283 1168 1356 VI,
1200 1282 1347 1356 VH,
1393 1282 1557 1342 VIII
1603 1282 1945 1341 testimonia
1987 1282 2258 1342 funditus
2295 1282 2598 1353 noverint3

356 1380 537 1447 cert0,
584 1374 636 1432 si
683 1372 788 1450 qui
832 1373 1075 1431 fuerunt
1120 1371 1382 1450 episcopi
1439 1371 1809 1449 parochiales
1855 1372 1930 1429 de
1985 1371 2224 1430 natione
2269 1370 2598 1443 Scotorum,

356 1462 639 1541 perpauci
680 1463 943 1520 fuerunt.

535 1550 741 1627 Neque
802 1569 1081 1628 magnum
1142 1549 1323 1609 fuisse
1388 1550 1604 1626 opinor
1669 1570 1980 1607 numerum
2041 1570 2245 1609 eorum
2257 1592 2272 1622 ,
2343 1551 2446 1626 qui
2505 1548 2600 1609 vel

356 1640 643 1699 abbatum
688 1658 935 1697 munera
979 1639 1301 1699 subeuntes
1347 1640 1441 1697 vel
1496 1638 1916 1696 monachorum
1962 1638 2209 1714 collegio
2255 1638 2602 1697 accedentes

354 1729 419 1787 in
466 1728 840 1787 monasteriis
902 1727 1215 1787 stabiles
1276 1726 1443 1785 sedes
1497 1726 1615 1785 sibi
1661 1726 2025 1803 delegerunt.
2117 1725 2238 1784 Sed
2282 1726 2378 1784 vel
2422 1726 2600 1802 pauci

359 1816 789 1876 ecclesiasticae
820 1816 1169 1893 disciplinae
1199 1815 1463 1894 periculo
1494 1821 1684 1885 erant,
1729 1814 2088 1890 simulatque
2132 1814 2454 1891 episcopali
2493 1833 2600 1872 sua

360 1905 659 1983 dignitate
688 1910 931 1982 praeter
952 1908 1051 1980 jus
1080 1906 1425 1964 utebantur.
1480 1905 1616 1964 Non
1647 1904 1888 1963 omnino
1919 1904 2074 1962 enim
2104 1903 2599 1980 impediebantur,

362 1993 673 2071 quominus
718 1993 1063 2052 muneribus
1110 1993 1545 2071 episcopalibus
1591 1994 2002 2069 fungerentur.
2091 1991 2246 2051 Nam
2303 1996 2376 2049 ut
2419 2009 2600 2067 supra

354 2085 477 2158 jam
544 2082 1127 2141 commemoravimus
1174 2085 1257 2158 (p.
1311 2082 1421 2157 65)
1480 2082 1782 2141 nonnullis
1839 2082 1901 2137 in
1965 2079 2166 2139 Gallia
2225 2078 2601 2139 monasteriis

356 2190 681 2248 eorumque
742 2169 1140 2248 compluribus
1201 2191 1237 2229 a
1296 2169 1493 2230 Sectis
1554 2170 1898 2229 constitutis
1955 2169 2030 2228 ab
2101 2167 2247 2247 ipsis
2307 2167 2602 2247 episcopis

358 2258 797 2337 parochialibus
856 2259 1186 2337 privilegiis
1244 2258 1598 2337 permissum
1657 2266 1813 2332 erat,
1881 2264 1952 2317 ut
2009 2257 2198 2335 ipsius
2256 2256 2602 2317 monasterii

365 2347 629 2425 episcopi
674 2347 1006 2407 ministeria
1050 2347 1435 2425 episcopalia,
1494 2367 1646 2423 quae
1704 2348 1768 2405 in
1813 2346 2182 2406 monasterio·
2217 2365 2366 2424 opus
2413 2350 2601 2415 erant,

358 2436 863 2496 administrarent.
924 2436 1059 2496 Hoc
1104 2457 1346 2496 munere
1394 2437 1808 2514 episcoporum
1853 2434 2384 2507 monasterialium,
2431 2436 2601 2509 cujus

361 2525 527 2602 origo
574 2532 779 2586 utrum
824 2547 859 2584 a
906 2524 1103 2585 Scotis
1147 2547 1224 2584 an
1270 2547 1307 2584 a
1353 2523 1547 2584 Gallis
1606 2525 1932 2602 repetenda
1991 2525 2098 2598 sit,
2160 2523 2352 2582 adhuc
2405 2521 2600 2594 hodie,

356 2621 427 2672 ut
472 2613 729 2674 diximus
774 2617 983 2693 (supra
1027 2636 1084 2692 p.
1134 2617 1263 2691 67),
1310 2635 1431 2672 non
1476 2615 1622 2673 satis
1669 2614 2042 2692 exploratum
2089 2618 2198 2684 est,
2243 2618 2407 2671 certo
2451 2618 2598 2670 tem-

358 2703 605 2781 poribus
668 2703 890 2762 saeculi
938 2702 1066 2762 VII
1120 2709 1182 2762 et
1227 2702 1393 2763 VIII
1454 2709 1517 2760 et
1562 2701 1662 2760 IX
1725 2702 1964 2780 saepius
2023 2702 2085 2760 in
2145 2699 2346 2759 Gallia
2411 2699 2603 2758 functi

359 2796 497 2851 sunt
542 2789 710 2851 Scoti
755 2791 1207 2870 peregrinantes
1254 2792 1351 2867 (cf.
1398 2791 1674 2867 Loening
1719 2790 1807 2864 II,
1852 2811 1912 2869 p.
1960 2790 2088 2848 445
2137 2797 2262 2849 not.
2312 2791 2368 2861 4,
2414 2790 2600 2850 Hart-

356 2889 525 2957 tung,
572 2901 629 2957 p.
679 2881 985 2956 32—47).
1060 2879 1236 2939 Tales
1281 2879 1590 2959 episcopos
1634 2880 1873 2938 omnino
1919 2880 2112 2938 bonae
2159 2878 2438 2938 ecclesiae
2484 2878 2600 2938 dis·

358 2968 617 3047 eiplinae
662 2968 1023 3028 detrimento
1068 2989 1189 3028 non
1234 2989 1367 3028 esse
1422 2989 1543 3026 non
1606 2968 1896 3045 potuisse,
1947 2967 2316 3044 Harttungio
2365 2967 2448 3043 (p.
2497 2966 2601 3038 34,

360 3059 429 3116 cf.
478 3077 659 3135 supra
708 3057 817 3133 65)
872 3078 994 3116 non
1050 3058 1393 3128 concedam,
1423 3057 1561 3115 -sed
1623 3076 1740 3131 quo
1797 3057 1990 3114 minus
2054 3056 2420 3134 compositus
2471 3060 2605 3112 erat

361 3151 499 3205 ante
543 3144 917 3204 Bonifatium
964 3147 1245 3206 ecclesiae
1290 3145 1606 3204 Gallorum
1663 3151 1854 3204 status
1869 3189 1885 3218 ‚
1946 3164 2014 3202 eo
2073 3143 2264 3221 magis
2309 3141 2603 3221 episcopis

360 3235 476 3293 illis
522 3234 971 3309 subjiciebatur,
1014 3241 1087 3295 ut
1130 3234 1463 3312 privilegiis
1506 3233 1633 3292 illis
1675 3234 1990 3292 abutentes
2035 3233 2216 3292 etiam
2261 3239 2431 3291 extra
2476 3251 2598 3290 mo·

360 3323 619 3382 nasteria
664 3321 999 3381 ministeria
1042 3323 1407 3402 episcopalia
1450 3321 1828 3394 exhiberent,
1875 3321 2036 3399 quod
2081 3341 2201 3380 non
2245 3322 2372 3381 sine
2397 3320 2598 3378 ‘detri-

356 3416 555 3470 mento
600 3410 1035 3470 ecclesiasticae
1080 3411 1431 3490 disciplinae
1484 3410 1618 3469 fieri
1677 3410 1944 3488 potuisse
2002 3411 2210 3488 liquet.
2302 3408 2421 3469 Sed
2468 3428 2600 3468 cum

354 3499 513 3557 haud
558 3499 740 3560 dubie
786 3501 989 3579 pauci·
1010 3509 1210 3560 essent
1238 3506 1317 3559 et
1362 3498 1543 3561 certis
1599 3498 1837 3558 sedibus
1898 3499 2250 3559 habitarent
2309 3499 2373 3557 in
2419 3498 2602 3558 oculis

356 3591 485 3646 cum
530 3588 795 3658 omnium
837 3588 1147 3648 hominum
1188 3595 1319 3647 tum
1366 3588 1631 3666 ipsorum
1669 3588 2118 3666 episcoporum,
2177 3593 2340 3647 certo
2388 3589 2602 3646 tolera-

354 3675 503 3736 biles
548 3683 738 3736 erant.

528 3765 825 3824 Permulti
884 3771 1083 3824 autem
1142 3765 1187 3823 ii
1244 3765 1505 3843 episcopi
1562 3772 1626 3824 et
1671 3765 2010 3842 presbyteri
2057 3766 2128 3824 de
2173 3766 2414 3825 natione
2463 3765 2601 3824 Sco·

352 3859 565 3926 torum,
616 3853 720 3931 qui
766 3873 929 3913 more
973 3854 1483 3931 peregrinantium
1528 3860 1724 3913 terras
1770 3861 2160 3932 peragrantes
2190 3854 2366 3913 modo
2398 3853 2460 3911 in
2491 3853 2604 3912 hoc

349 3943 523 4001 modo
568 3943 633 4001 in
678 3943 781 4002 illo
828 3943 1190 4003 monasterio
1235 3943 1648 4016 versabantur,
1693 3942 1758 4000 in
1801 3961 2084 4018 magnum
2130 3942 2454 4020 periculum
2500 3941 2602 3999 ad-

350 4031 648 4090 ducebant
702 4031 1158 4092 ecclesiasticam
1203 4030 1600 4109 disciplinam.
1695 4031 2053 4107 Quanquam
2099 4031 2258 4089 enim
2303 4030 2604 4089 nonnullis

350 4117 724 4178 monasteriis
770 4121 989 4180 licebat
1033 4120 1111 4178 ad
1140 4119 1614 4180 administranda
1643 4119 1979 4179 ministeria
2011 4119 2370 4197 episcopalia
2401 4138 2603 4194 quem·

350 4206 499 4268 libet
531 4207 724 4266 accire
756 4210 1098 4288 episcopum
1125 4210 1221 4284 (cf.
1246 4209 1561 4288 Harttung
1591 4230 1650 4288 p.
1679 4209 1780 4267 29.
1827 4209 2104 4286 Loening
2125 4208 2212 4281 Π,
2235 4230 2296 4285 Ρ.
2319 4207 2446 4267 383
2467 4209 2604 4285 sq.),

348 4300 549 4356 tamen
566 4339 583 4371 ,
654 4295 887 4358 etiamsi
949 4298 1305 4377 peragendis
1373 4297 1714 4374 hujusmodi
1775 4296 2120 4356 ministeriis
2183 4297 2272 4356 illi
2335 4296 2602 4356 contenti
