3167 4900
1192 230 1632 288 -65—

297 409 451 469 alter
497 408 737 484 quidam
784 408 1091 486 episcopus
1150 409 1215 466 in
1270 408 1692 467 monasterium
1737 417 1986 469 venerat
2031 414 2126 487 (ut
2169 410 2338 469 Beda
2381 411 2438 468 h.
2487 433 2538 471 e.

298 499 352 568 3,
403 499 506 569 21,
556 496 591 573 ξ
624 497 799 573 212),
846 496 920 556 iis
966 516 1084 555 non
1130 498 1333 556 liceret
1378 498 1587 557 relicto
1634 498 1991 575 monasterio
2031 500 2426 576 peregrinatis
2471 501 2535 559 in

294 586 440 645 alias
486 586 760 662 regiones
806 585 1002 644 officia
1046 586 1308 664 episcopi
1354 606 1487 645 cum
1545 586 1832 663 simplicis
1891 586 2165 645 monachi
2207 589 2338 648 vita
2383 609 2534 647 com,

294 682 546 733 mutare.
595 706 683 721 -—-
726 675 905 733 Unde
948 674 1078 733 fieri
1125 676 1341 754 potuit,
1386 681 1457 733 ut
1502 675 1624 733 duo
1666 676 1761 735 vel
1806 676 2006 753 plures
2059 676 2124 733 in
2167 696 2286 735 uno
2331 698 2534 736 mona-

293 763 473 822 sterio
521 769 1027 822 commorarentur
1070 764 1352 841 episcopi,
1400 764 1546 840 quin
1603 763 1784 822 etiam
1827 765 2054 823 factum
2101 772 2210 837 est,
2250 772 2325 824 >ut
2371 766 2531 824 affir-

290 858 417 911 mat
458 850 727 911 'Poddius
774 852 917 926 (vid.
949 852 1247 928 Loening'
1270 852 1359 925 II,
1390 852 1612 929 p..445
1644 859 1770 911 not.
1809 855 1890 929 1),
1935 854 2095 929 quod
2143 855 2532 931 comprobant

289 940 565 999 Muirchu
610 940 743 1014 (vit.
776 941 941 1000 Patr.
973 940 1229 1000 Betham
1263 940 1351 1013 II,
1383 962 1518 1019 app.
1550 962 1610 1017 p.
1642 941 1770 1017 XI)
1811 948 1874 1001 et
1907 941 2274 1001 Tirechanus
2305 944 2531 1018 (annot.

289 1031 367 1086 ib.
401 1026 711 1104 XXVII),
760 1028 981 1107 quippe
1019 1030 1132 1105 ,qui
1174 1029 1457 1087 finxerint
1505 1028 1758 1088 Patricii
1798 1032 1924 1104 jam
1967 1030 2340 1112 temporibus
2381 1032 2534 1091 duos

292 1116 601 1195 episcopos
646 1117 850 1175 eodem
898 1124 1165 1195 tempore
1213 1118 1405 1176 eidem
1450 1118 1729 1177 ecclesiae
1771 1119 2118 1195 praefuisse.

466 1204 635 1263 Haec
680 1206 755 1263 de
802 1206 1095 1284 episcopis
1123 1206 1658 1279 monasterialibus,
1691 1240 1774 1251 —
1805 1206 2126 1267 incertiora
2153 1226 2311 1280 sane,
2353 1228 2531 1284 quam

286 1300 352 1353 ut
396 1314 493 1352 me
538 1294 731 1370 ipsum
777 1292 1108 1372 impediant
1152 1302 1391 1373 optare,
1436 1302 1507 1353 ut
1550 1295 1698 1353 haec
1741 1301 1872 1353 tota
1928 1296 2000 1353 de
2057 1295 2350 1373 episcopis
2405 1316 2528 1354 mo·

286 1383 709 1442 materialibus
770 1384 1041 1459 quaestio
1104 1384 1356 1443 exclusis
1414 1383 1660 1442 incertis
1717 1384 2114 1459 posteriorum
2171 1383 2529 1444 testimoniis

286 1472 479 1529 denuo
538 1476 837 1530 tractetur
894 1472 971 1531 ab
1035 1472 1135 1543 iis,
1199 1472 1303 1548 qui
1361 1493 1459 1531 res
1516 1470 1880 1531 Hibernicas
1937 1472 2179 1550 penitus
2235 1472 2529 1532 noverint.

286 1560 463 1634 Quod
509 1560 558 1619 si
604 1561 827 1619 factum
876 1561 1005 1633 erit,
1050 1580 1227 1639 spero
1271 1563 1415 1633 fore,
1459 1567 1529 1619 ut
1570 1560 1942 1621 manifestius
1985 1560 2109 1631 fiat,
2157 1562 2316 1637 quod
2347 1580 2528 1639 supra

286 1648 581 1721 contendi,
626 1649 691 1707 in
736 1650 983 1708 ecclesia
1012 1648 1325 1708 Scotorum
1370 1656 1616 1726 praeter
1657 1649 1768 1706 hos
1812 1648 2260 1708 monasteriales
2303 1670 2526 1725 nequae

286 1756 463 1813 quam
512 1738 767 1797 defuisse
812 1737 1121 1815 episcopos
1165 1738 1551 1816 parochiales.

462 1826 567 1883 An
612 1826 766 1898 inde,
814 1826 976 1903 quod
1020 1827 1082 1885 iu
1114 1825 1314 1885 Gallia
1349 1826 1569 1885 saeculi
1602 1824 1798 1884 octavi
1827 1825 2198 1903 temporibus
2237 1845 2526 1887 nonnum·

283 1934 461 1989 quam
521 1913 702 1971 iidem
762 1915 1029 1992 episcopi
1086 1915 1531 1974 monasteriales
1589 1913 1976 1973 inveniuntur
2025 1946 2102 1957 —-
2151 1934 2221 1972 ac
2286 1914 2524 1989 quidem

280 2004 631 2080 plerumque
676 2003 764 2062 ita
779 2046 793 2075 ,
855 2010 925 2062 ut
969 2003 1088 2081 ipsi
1132 2005 1382 2062 abbates
1428 2003 1607 2061 iidem
1653 2002 1917 2080 episcopi
1963 2002 2144 2061 fuisse
2187 2002 2525 2074 videantur,

280 2090 472 2149 rarius
518 2091 630 2163 ita,
692 2098 763 2148 ut
808 2091 1071 2168 episcopi
1129 2092 1218 2149 illi
1277 2091 1657 2170 reperiantur
1700 2091 1766 2149 in
1810 2091 2232 2149 monachorum
2276 2110 2532 2149 numero

280 2184 587 2238 versantes
647 2185 708 2237 et
767 2180 1087 2238 abbatibus
1148 2180 1403 2257 subjecti
1452 2214 1531 2225 --
1580 2180 1854 2255 sequitur
1913 2186 2057 2239 tunc
2115 2180 2400 2257 temporis
2457 2180 2526 2237 in-

279 2266 483 2325 Grallia
530 2267 787 2327 defuisse
832 2267 999 2327 sedes
1047 2269 1409 2347 episcopales
1425 2268 1455 2327 ?
1501 2268 1696 2327 Immo
1741 2269 1860 2345 ipsi
1905 2268 2329 2347 episcopalium
2375 2266 2528 2327 Gal-

278 2356 393 2413 liae
440 2356 678 2415 urbium
724 2358 1027 2433 praesules
1072 2363 1135 2415 et
1176 2358 1293 2435 ipsi
1332 2357 1599 2435 episcopi
1625 2356 1902 2429 Romani,
1951 2376 2102 2434 quae
2140 2360 2278 2432 J’ura
2325 2364 2523 2417 essent

278 2444 693 2523 episcoporum
729 2445 1284 2520 monasterialium,
1342 2446 1678 2524 privilegiis
1724 2446 2119 2506 firmaverunt
2163 2446 2526 2522 (Harttung,

260 2552 331 2611 p.
384 2534 693 2609 34-47).
783 2533 937 2593 Eam
996 2534 1189 2612 ipsam
1252 2536 1359 2593 ob·
1392 2555 1629 2594 causam
1674 2534 2048 2610 Harttungio
2096 2537 2178 2611 (p.
2229 2535 2336 2610 34)
2399 2551 2526 2592 non.

278 2623 593 2682 concedam
640 2623 967 2700 ‚episcopos
1022 2624 1157 2682 illos
1202 2623 1652 2682 monasteriales
1697 2623 1980 2681 ecclesiae
2027 2620 2376 2681 Gallicanae
2419 2627 2515 2680 ut-

275 2717 417 2788 pote
464 2712 540 2769 ab
588 2711 883 2789 episcopis
926 2713 1293 2788 gubernatae
1338 2719 1401 2771 et
1444 2712 1509 2772 in
1553 2712 1866 2790 parochias
1895 2711 2260 2789 episcopales
2291 2711 2528 2770 divisae

274 2807 397 2858 tam
444 2801 599 2857 male
646 2800 984 2876 quadrasse,
1028 2808 1101 2860 ut
1144 2802 1341 2860 facere
1384 2821 1507 2858 non
1534 2801 1845 2878 possimus,
1889 2801 2037 2876 quin
2077 2806 2352 2876 putemus
2398 2819 2520 2858 non

274 2888 399 2946 sine
447 2907 629 2966 opera
677 2888 988 2948 Scotorum
1035 2890 1257 2948 factum
1304 2911 1456 2962 esse,
1514 2896 1584 2949 ut
1638 2890 1701 2947 in
1747 2888 1948 2948 Gallia
1995 2907 2228 2965 quoque
2273 2888 2367 2945 illi
2411 2909 2516 2966 ap-

271 2983 538 3053 pareant.
598 2975 701 3036 Ab
732 2978 885 3055 ipsc,
928 2977 1145 3053 inquit,
1176 2978 1539 3036 hierarchico
1570 2983 1734 3036 statu
1765 2977 2026 3054 episcopi
2067 2975 2516 3034 monasteriales

270 3065 525 3142 profecti
570 3085 697 3123 esse
738 3086 861 3124 non
904 3071 1173 3144 possunt.
1248 3065 1451 3142 Atqui
1492 3086 1529 3123 a
1570 3065 1945 3124 monasteriis
1991 3070 2052 3123 et
2099 3064 2163 3121 in
2211 3062 2408 3121 Gallia
2453 3071 2516 3122 et

268 3154 331 3210 in
377 3153 696 3212 Hibernia.
785 3153 1003 3230 Itaque
1048 3172 1185 3212 raro
1232 3154 1622 3214 inveniuntur
1665 3154 1728 3210 in
1776 3151 2000 3224 Gallia,
2063 3152 2299 3229 saepius
2353 3153 2514 3228 apud

270 3241 497 3313 Scotos,
555 3249 806 3317 q'uorum
850 3243 1127 3302 universa
1176 3243 1423 3302 ecclesia
1467 3241 1814 3300 monasterii
1866 3241 2120 3318 speciem
2165 3241 2521 3319 praebebat.

444 3330 581 3387 Huc
629 3330 786 3388 enim
816 3331 1069 3390 redeunt
1096 3331 1313 3404 omnia,
1356 3351 1507 3407 quae
1536 3330 1854 3407 conspicua
1885 3336 1947 3388 et
1976 3328 2300 3405 singularia
2329 3329 2512 3388 fuisse

262 3418 397 3476 visa
442 3425 583 3476 sunt
626 3419 803 3476 nobis
847 3419 1127 3478 ecclesiae
1158 3419 1469 3480 Scotorum
1502 3425 1726 3478 statum
1759 3417 2288 3476 considerantibus
2356 3417 2512 3477 Nam

258 3506 549 3584 primitus
599 3525 792 3582 neque
850 3508 1113 3587 episcopi
1158 3528 1350 3584 neque
1395 3508 1730 3586 presbyteri
1775 3527 1965 3583 neque
2011 3507 2246 3565 diaconi
2290 3506 2354 3564 in
2399 3506 2512 3564 Hi-

256 3595 475 3652 bernia
519 3594 739 3654 diversi
782 3596 964 3655 fuisse
1005 3597 1290 3656 videntur
1333 3599 1411 3656 ab
1457 3598 1550 3670 iis,
1596 3596 1700 3672 qui
1743 3596 1807 3654 in
1853 3595 1986 3654 aliis
2031 3595 2292 3654 ecclesiis
2323 3601 2510 3667 erant,

256 3683 365 3743 sed
428 3683 699 3744 omnibus
756 3683 877 3742 illis
939 3704 1257 3761 eorumque
1318 3686 1529 3744 officiis
1574 3686 1705 3744 vita
1761 3684 2104 3743 monachica
2148 3684 2509 3761 peculiarem

258 3762 559 3848 quandam
603 3773 859 3849 speciem
904 3773 1341 3833 conciliaverat.
1419 3774 1581 3847 Quin
1628 3773 1808 3832 etiam
1849 3779 1980 3832 tota
2010 3773 2256 3831 ecclesia
2287 3779 2348 3832 et
2377 3772 2508 3849 ipsa

254 3862 548 3920 laicorum
592 3862 721 3920 vita
766 3863 943 3921 certis
988 3863 1374 3921 monachatus
1420 3862 1608 3939 signis
1655 3865 1867 3921 notata
1912 3869 2059 3921 erat.
2135 3862 2290 3921 Nam
2335 3869 2404 3918 ut
2443 3861 2508 3917 in

252 3950 633 4008 monasteriis
680 3951 951 4012 monachi
998 3951 1195 4010 omnia
1240 3971 1347 4010 sua
1390 3957 1638 4028 peccata
1683 3950 2000 4008 abbatibus
2048 3949 2313 4006 confiteri
2357 3949 2504 4006 sole-

252 4040 417 4111 bant,
466 4045 549 4097 ut·
580 4039 682 4096 ille
728 4039 1129 4116 poenitentiae
1166 4059 1470 4099 mensuras
1503 4039 1796 4109 definiret,
1843 4038 1930 4095 ita
1963 4037 2144 4095 etiam
2173 4036 2312 4093 laici
2342 4055 2515 4094 more-

248 4128 329 4186 ad
389 4127 455 4185 id
514 4133 751 4204 tempus
808 4128 871 4186 in
930 4127 1063 4186 aliis
1124 4129 1402 4186 ecclesiae
1463 4127 1738 4206 partibus
1797 4126 2082 4185 inusitato
2143 4125 2342 4184 omnia
2397 4144 2504 4184 sua

247 4223 500 4294 peccata
562 4216 967 4276 sacerdotibus
1026 4215 1467 4276 confitebantur
1526 4215 1900 4291 (Adamnan,
1955 4214 2060 4276 vit.
2117 4213 2242 4276 Col.
2297 4214 2511 4340 1‚1‘7,

249 4327 311 4382 Ρ.
362 4305 537 4376 204,
576 4306 645 4382 1,
689 4303 791 4378 40,
838 4325 897 4382 Ρ.
946 4306 1106 4378 212;
1156 4306 1215 4378 2,
1266 4307 1365 4378 70,
1412 4327 1471 4382 Ρ.
1522 4307 1694 4381 222).

2041 4405 2072 4458 5
