3167 4900
1161 246 1648 301 -109—

274 428 531 501 quartus
594 422 783 481 codex
840 422 1239 481 numerandus
1300 430 1415 494 est,
1499 423 1691 482 adhuc
1762 425 2047 498 ineditus,
2129 423 2542 503 Sangallensis

272 512 423 571 Nro.
462 508 589 569 915
638 530 789 569 saec.
835 510 901 569 X
947 512 1040 571 vel
1086 511 1203 584 XI,
1250 512 1315 569 in
1363 532 1482 589 quo
1526 519 1680 572 teste
1727 511 2046 573 Scherrero
2095 515 2538 590 (Verzeichniss

271 602 387 659 der
444 600 919 659 Handschriften
977 600 1087 658 der
1146 600 1659 660 Stiftsbibliothek
1721 621 1838 660 von
1899 601 1988 661 St.
2047 602 2278 663 Gallen.
2345 606 2467 663 187
2478 605 2538 663 5.

268 711 329 767 p.
384 690 537 764 337)
600 688 807 746 eadem
863 694 1071 747 nostra
1126 690 1335 766 regula
1394 691 1754 749 coenobialis
1809 692 2115 751 invenitur
2151 714 2238 751 ·ac
2297 692 2538 770 quidem

272 778 579 837 simillima
625 777 886 837 breviori
930 778 1021 835 illi
1064 779 1313 849 formae,
1380 799 1531 855 quae
1589 800 1663 837 ex
1720 780 2022 840 codicibus
2069 781 2426 859 Augustano
2475 789 2541 841 et

272 866 678 925 Oxenhusano
720 866 982 943 primum
1028 887 1065 925 a
1095 867 1409 944 Flemingo
1456 868 1670 927 deinde
1716 869 1778 927 in
1811 870 1970 928 Bibl.
2001 890 2156 929 max.
2187 870 2325 928 XII
2372 870 2538 929 edita

274 962 373 1015 est
418 956 517 1031 (cf.
563 955 841 1031 Loening
886 954 975 1027 ΙΙ,
1022 977 1085 1032 p.
1130 956 1259 1014 433
1308 963 1429 1015 not.
1486 960 1563 1034 1).
1590 956 1616 993 ²

459 1044 629 1117 Quae
676 1063 808 1102 cum
853 1043 941 1102 ita
995 1045 1133 1117 sint,
1181 1045 1463 1105 adversus
1506 1046 1847 1105 Ebrardum
1895 1050 1977 1125 (p.
2018 1049 2169 1123 149)
2216 1047 2530 1107 dicendum

274 1140 373 1193 est
424 1134 697 1209 regulam
754 1133 917 1191 illam
980 1134 1379 1192 coenobialem
1435 1141 1694 1211 quatuor
1755 1136 2058 1195 codicibus
2117 1137 2179 1194 in
2242 1137 2334 1195 his
2381 1135 2530 1195 San·

275 1222 529 1299 gallensi
574 1222 745 1281 nobis
791 1222 1103 1295 traditam,
1151 1222 1244 1281 bis
1290 1222 1615 1282 Columbae
1661 1225 2016 1283 attributam
2031 1270 2044 1297 ,
2106 1225 2168 1283 in
2218 1225 2537 1284 Scotorum·

274 1311 633 1369 monasterio
666 1308 1039 1387 Sangallensi
1070 1308 1383 1392 „reyulam
1411 1310 1797 1373 coenobialem
1817 1321 2106 1395 patrum“
2128 1312 2154 1349 2
2182 1314 2530 1391 inscriptam

278 1399 603 1459 Columbae
644 1400 1101 1475 abjudicandam
1146 1420 1266 1459 non
1313 1421 1454 1474 esse,
1502 1402 1622 1461 nisi
1665 1403 2018 1479 gravissima
2061 1404 2306 1461 obstant
2353 1423 2530 1480 argu·

278 1495 497 1547 menta.
590 1486 711 1547 Sed
754 1494 993 1547 tantum
1040 1490 1235 1562 abest,
1281 1496 1353 1549 ut
1397 1491 1656 1568 proferri
1699 1492 1930 1569 possint
1976 1497 2330 1569 argumenta
2374 1512 2529 1551 com-

278 1576 703 1635 memoratione
750 1577 949 1655 digna,
996 1598 1149 1654 quae
1194 1580 1462 1656 regulam
1508 1580 1674 1637 illam
1721 1600 1756 1637 a
1795 1581 2084 1640 Columba
2132 1580 2526 1659 conscriptam

278 1686 397 1725 non
442 1686 568 1724 esse
615 1668 1030 1743 comprobent,
1088 1672 1160 1725 ut
1205 1668 1689 1727 luculentissimis
1735 1669 2092 1728 testimoniis
2139 1670 2530 1746 comprobare

277 1755 571 1833 possimus
616 1754 965 1814 Columbam
1012 1757 1253 1833 regulae
1296 1756 1460 1815 illius·
1503 1764 1806 1816 auctorem
1852 1758 2051 1817 fuisse.

454 1843 725 1901 Primum
770 1844 925 1902 enim
972 1846 1285 1905 nonnullos
1331 1866 1543 1923 mores,
1594 1846 1697 1921 qui
1743 1846 2044 1924 conspicui
2074 1846 2354 1906 videntur
2397 1866 2528 1905 esse

276 1933 367 2005 iis,
418 1932 521 2009 qui
565 1933 832 2009 regulam
882 1934 1283 1993 coenobialem
1321 1936 1547 2011 legunt,
1593 1942 1828 1995 constat
1870 1935 1933 1993 in
1977 1956 2089 1994 usu
2133 1936 2316 1994 fuisse
2361 1936 2523 2013 apud

278 2021 505 2093 Scotos,
551 2020 616 2078 in
661 2021 755 2081 his
794 2023 953 2097 quod
984 2023 1255 2081 cochlear
1298 2023 1622 2100 signabant
1665 2025 1836 2101 signo
1883 2025 2090 2096 crucis,
2137 2025 2298 2101 quod
2343 2026 2520 2083 'bene-

276 2109 595 2169 dictionem
656 2109 884 2169 dabant
937 2116 998 2169 et
1054 2112 1457 2189 ingredientes
1510 2113 1714 2173 domos
1771 2122 1832 2173 et
1893 2114 2290 2190 egredientes,
2361 2112 2562 2190 quod.

274 2200 446 2259 extra
498 2197 739 2257 modum
791 2199 1116 2275 prodibant
1170 2201 1235 2258 in
1290 2202 1602 2261 cantandis
1655 2202 1898 2280 psalmis
1953 2209 2015 2261 et
2074 2201 2192 2260 alia
2238 2203 2334 2278 (cf.
2380 2202 2517 2260 Fle·
2625 2262 2646 2277 .

275 2288 455 2363 ming,
500 2308 557 2363 p.
592 2287 695 2360 25,
744 2287 973 2361 Hertel,
1022 2311 1079 2368 p.
1114 2290 1243 2349 438
1275 2312 1361 2368 sq.
1396 2296 1457 2349 et
1496 2312 1678 2369 supra
1717 2313 1774 2370 p.
1811 2293 1935 2367 70).
2028 2291 2119 2350 At
2163 2310 2381 2353 novum
2429 2297 2523 2350 est

277 2382 337 2435 et
381 2376 542 2452 quod
586 2375 650 2452 ii,
701 2376 804 2453 qui
849 2377 983 2436 illos
1014 2398 1205 2437 mores
1237 2381 1646 2457 neglexerunt,
1693 2381 1900 2458 poenis
1946 2379 2286 2439 afficiuntur
2331 2380 2525 2458 iisque

272 2465 641 2542 gravissimis
674 2501 757 2512 -
789 2469 1075 2544 vapulare
1122 2469 1278 2527 enim
1318 2470 1473 2544 jussi
1518 2477 1660 2528 sunt
1697 2470 1956 2527 12-50
1986 2467 2525 2549 ‚‚percu88ionibu3“

275 2589 358 2600 —
406 2562 469 2614 et
524 2554 683 2630 quod
740 2554 873 2632 ipsa
932 2556 1034 2614 illa
1092 2556 1288 2616 inanis
1348 2558 1644 2634 psallendi
1712 2559 1866 2618 ratio
1933 2559 2021 2616 ita
2081 2559 2398 2618 insumitur
2456 2559 2522 2616 in

272 2663 539 2721 poenam,
586 2648 656 2701 ut
700 2644 920 2717 tribus,
970 2650 1252 2723 quatuor,
1298 2646 1393 2706 vel
1442 2647 1525 2704 24
1571 2647 1816 2725 psalmis
1863 2647 2170 2706 cantandis
2215 2646 2524 2725 poeniten-

272 2731 419 2792 tiam
464 2751 643 2808 agere
690 2734 963 2792 monachi
1000 2735 1345 2809 jubeantur.
1424 2733 1543 2795 Sed
1588 2756 1781 2813 neque
1827 2736 1938 2794 hoc
1986 2755 2178 2813 neque
2223 2735 2372 2798 illud
2419 2737 2518 2795 ad-

272 2815 577 2880 mirationi
607 2840 735 2880 esse
766 2822 962 2882 debet.
1024 2821 1127 2881 An
1159 2824 1368 2902 negari
1396 2830 1614 2903 potest,
1659 2825 1822 2884 illam
1868 2825 2163 2904 psallendi
2208 2826 2524 2898 rationem,

276 2929 390 2987 qua
437 2907 605 2968 Scoti
650 2910 713 2968 in
760 2911 985 2987 vigiliis
1028 2914 1355 2973 utebantur
1399 2916 1497 2989 (cf.
1544 2915 1802 2988 Ebrard,
1850 2937 1907 2992 p.
1957 2915 2086 2972 228
2118 2917 2292 2990 sqq.),
2339 2914 2522 2972 etiam

271 2999 363 3071 iis,
408 2998 513 3074 qui
545 2999 726 3076 culpa
752 3000 1067 3072 vacabant,
1112 3001 1270 3059 haud
1317 3002 1498 3061 dubie
1544 3003 1736 3080 magis
1781 3003 2084 3061 molestiae
2129 3003 2310 3062 fuisse
2342 3020 2522 3078 quam

273 3087 517 3165 pietatis
565 3088 1019 3147 exercitationi?
1087 3089 1322 3167 Neque,
1385 3091 1529 3168 quin
1575 3091 1756 3150 moris
1801 3091 1984 3150 fuerit
2029 3089 2343 3150 Scotorum
2387 3111 2518 3150 ver·

273 3176 513 3236 batibus
558 3175 1033 3236 animadvertere
1074 3178 1136 3236 in
1185 3199 1285 3238 eos
1331 3180 1431 3255 qui
1478 3179 1887 3240 inobedientes
1931 3181 2194 3252 fuerant,
2255 3178 2522 3238 dubitari

275 3269 498 3342 potest,
560 3264 831 3341 quamvis
891 3266 1203 3327 Ebrardus
1252 3268 1630 3343 (Zeitschrift
1673 3270 1772 3327 fiir
1817 3268 2023 3328 histor.
2069 3267 2276 3328 Theol.
2331 3268 2521 3341 1875,

273 3373 330 3431 p.
387 3353 541 3430 504)
608 3353 737 3412 sine
796 3355 917 3414 ulla
987 3376 1165 3415 causa
1225 3356 1485 3415 Hertelii
1545 3364 1900 3434 argumenta
1958 3363 2264 3434 tamquam
2335 3357 2528 3416 stulta

272 3441 558 3518 respuat,'
580 3443 741 3518 quod
782 3444 1107 3518 Hertelius,
1153 3464 1306 3522 quae
1352 3446 1425 3505 de
1471 3447 1674 3527 pueris
1719 3446 2145 3524 vapulantibus
2191 3446 2352 3505 dicta
2398 3445 2521 3506 sint

274 3529 338 3587 in
371 3529 509 3588 ‘vita
554 3530 845 3592 Walarici
891 3534 992 3607 32,
1038 3535 1197 3593 Mab.
1242 3535 1331 3608 Π,
1376 3556 1515 3594 ann.
1564 3537 1710 3612 627,
1758 3557 1813 3614 p.
1863 3536 1966 3609 87,
2025 3536 2322 3613 acceperit
2367 3542 2522 3596 tam·

454 3777 473 3807 ¹
513 3775 794 3845 Delegavi
833 3776 1074 3838 lectores
1112 3777 1186 3832 ad
1223 3779 1385 3833 illum
1408 3779 1729 3851 ‚Loeningii
1769 3781 1986 3844 locum,
2044 3784 2109 3834 ut
2159 3779 2367 3844 sciant,
2428 3779 2525 3832 cui

273 3847 532 3911 debeam,
588 3848 740 3918 quod
778 3848 988 3902 codicis
1026 3848 1177 3902 illius
1218 3848 1608 3918 Sangallensis
1647 3852 1909 3906 notitiam
1948 3851 2156 3914 habeO‚
2195 3881 2263 3892 —
2301 3867 2416 3903 non
2453 3853 2518 3902 ut

272 3919 378 3985 ipsi
417 3918 505 3970 illi
544 3917 847 3991 Loeningii
884 3920 1239 3974 annotationi
1278 3921 1450 3974 fidem
1487 3921 1752 3977 habeant.
1829 3921 1975 3974 Nam
2022 3921 2185 3974 multi
2237 3937 2301 3973 ac
2351 3920 2518 3973 mira·

270 3989 411 4042 biles
449 3989 509 4041 in
546 3989 703 4043 illam
742 3990 1164 4044 annotationem
1190 3991 1473 4060 irrepsere
1502 4009 1738 4055 errores,
1780 4007 1935 4060 quos,
1979 4009 2105 4045 cum
2131 3990 2326 4043 malim
2351 3993 2524 4060 typo·

272 4060 489 4113 thetam
527 4078 695 4127 quam
732 4062 916 4132 ipsum
954 4061 1137 4114 virum
1175 4062 1564 4117 doctissimum
1614 4062 2005 4133 negligentiae
2039 4077 2301 4116 accusare
2319 4101 2331 4125 ‚
2383 4077 2522 4114 enu-

272 4145 493 4184 merare
530 4131 671 4184 mihi
707 4137 1031 4199 pertaesum
1068 4136 1171 4186 est.

451 4201 475 4234 2
512 4199 602 4254 De
640 4202 747 4256 hoc
784 4204 980 4258 codice
1016 4220 1167 4257 nunc
1206 4205 1378 4258 etiam
1416 4204 1707 4258 Ebrardus
1755 4205 1930 4258 verba
1978 4203 2117 4259 fecit
2153 4201 2515 4272 (Bonifatius,

271 4289 325 4339 p.
367 4273 478 4341 13),
538 4272 639 4326 sed
695 4274 804 4338 ita,
862 4281 927 4329 ut
962 4275 1134 4329 etiam
1196 4277 1242 4328 si
1291 4293 1541 4344 possem,
1628 4277 1949 4332 dubitarem
2006 4274 2264 4344 pluribus
2324 4274 2377 4327 ei
2428 4291 2522 4327 re-

268 4360 539 4414 pugnare.
