3167 4900
1522 259 1970 323 -38—

634 439 1010 520 praedicasse
1053 437 1321 516 prodidit
1367 438 1464 513 (cf.
1511 436 1711 512 infra),
1766 435 2039 494 Muirchu
2086 441 2284 494 autem
2330 435 2485 502 sicut
2528 437 2891 514 posterioris

629 529 914 607 temporis
975 527 1294 604 scriptores
1355 547 1486 584 cum
1547 524 1694 584 alias
1739 524 2003 583 Patricio
2066 544 2199 582 cum
2244 525 2409 584 Mose
2455 524 2889 588 similitudines

631 619 811 678 fuisse
857 622 985 674 tum
1039 617 1161 674 120
1209 635 1394 674 annos
1439 621 1644 674 natum
1692 620 1943 672 mortem
1990 633 2120 671 eum
2167 613 2383 672 obiisse
2430 619 2692 676 testatur
2732 617 2887 692 (vid.

629 706 886 766 Betham
931 704 1018 776 II,
1065 725 1200 782 app.
1247 724 1304 781 p.
1349 703 1476 764 XV
1523 709 1586 761 et
1630 701 1833 779 XVI),
1891 702 2045 760 unde
2092 703 2511 781 suspicandum
2556 710 2649 764 est
2691 705 2887 764 Muir-

631 797 844 856 chuum
903 793 1079 854 sicuti
1135 792 1494 870 posteriores
1549 791 1853 868 putavisse
1900 791 2231 850 Patricium
2282 793 2363 850 60
2412 793 2507 852 vel
2558 795 2640 852 72
2690 815 2889 853 annos

631 887 694 944 in
725 884 1022 943 Hibernia
1067 902 1192 940 esse
1237 888 1566 952 moratum3
1614 881 1869 958 denique
1915 881 2209 940 Muirchui
2255 881 2546 940 narratio:
2609 882 2887 942 Patricio

631 973 898 1052 cupienti
944 972 1161 1031 videre·
1191 971 1386 1030 sedem
1425 970 1814 1048 apostolicam
1846 975 1907 1028 et
1937 969 2163 1030 discere
2194 970 2550 1048 sapientiam
2582 971 2645 1030 in
2677 972 2885 1031 animo

631 1063 812 1124 fuisse
843 1061 1097 1122 Romam
1143 1058 1437 1139 proficisci
1487 1093 1564 1102 —
1617 1058 1764 1118 adeo
1810 1059 2046 1118 fabulae
2090 1058 2263 1118 fictae
2310 1060 2564 1136 speciem
2610 1063 2883 1138 praebet,

632 1159 701 1212 ut
746 1150 918 1210 facile
965 1149 1079 1208 tibi
1125 1148 1507 1227 persuadeas,
1565 1147 1988 1220 Tirechanum,
2047 1148 2160 1206 etsi
2205 1167 2324 1206 non
2368 1149 2457 1206 ita
2502 1150 2692 1208 multo
2742 1157 2885 1210 ante

632 1240 1005 1301 Muirchuum
1061 1238 1326 1316 scripsit,
1387 1243 1591 1296 tamen
1635 1237 1897 1296 fabulam
1941 1235 2040 1308 iis,
2102 1256 2253 1314 quae
2297 1236 2572 1295 Muirchu
2618 1246 2885 1312 enarrat,

633 1330 821 1390 multo
867 1327 1256 1388 vetustiorem
1303 1325 1678 1402 consignasse
1725 1325 1962 1384 litteris.

812 1416 903 1476 At
961 1416 1118 1474 unde
1178 1415 1401 1474 factum
1464 1421 1578 1488 est,
1641 1421 1710 1473 ut
1753 1413 2025 1474 Muirchu
2080 1413 2154 1473 de
2198 1413 2451 1473 Patricii
2507 1413 2727 1474 itinere
2774 1437 2889 1494 per

638 1505 870 1566 Gallias
916 1511 977 1564 et
1021 1504 1267 1562 Italiam
1312 1505 1497 1563 verba
1543 1524 1663 1562 non
1708 1503 1975 1562 faceret?

811 1593 1192 1653 Perdifficilis
1222 1592 1366 1652 haec
1401 1592 1687 1670 quaestio,
1736 1591 2085 1670 praesertim
2116 1611 2265 1663 cum,
2315 1612 2467 1669 quae
2498 1593 2777 1650 Muirchu
2811 1595 2889 1654 de

632 1684 885 1743 Patricii
925 1687 1240 1759 juventute
1288 1688 1349 1741 et
1393 1681 1685 1740 servitute
1731 1680 2081 1752 narraverit,
2130 1679 2245 1738 nisi
2292 1701 2363 1740 ex
2410 1681 2691 1757 capitulis
2734 1683 2889 1741 Aidi

632 1773 803 1834 nobis
849 1777 1054 1831 notum
1102 1791 1221 1830 non
1251 1770 1346 1842 sit,
1393 1791 1586 1846 neque
1630 1790 1803 1846 spero
1836 1791 1927 1826 me
1968 1789 2138 1846 posse
2168 1769 2321 1828 hanc
2353 1769 2763 1847 quaestionem
2797 1772 2891 1830 ita

634 1863 878 1934 solvere,
925 1866 994 1920 ut
1041 1860 1223 1919 etiam
1269 1858 1609 1918 nolentibus
1655 1858 2056 1936 persuadeam.
2130 1858 2449 1935 Duplicem
2496 1865 2697 1918 autem
2744 1881 2887 1939 pro-

569 1975 574 1982 ·
635 1972 854 2030 ponam
898 1951 1207 2022 rationem,
1257 1969 1376 2026 qua
1419 1947 1618 2006 nescio
1665 1967 1742 2006 an
1789 1947 2057 2024 quaestio
2089 1946 2194 2004 illa
2226 1947 2508 2006 solvatur.
2586 1949 2744 2009 Nam
2776 1957 2891 2010 aut

632 2039 973 2118 ignorantia
993 2044 1099 2098 aut
1117 2038 1190 2096 de
1211 2037 1506 2096 industria
1518 2036 1791 2096 Muirchu
1812 2036 1884 2094 de
1905 2035 2217 2094 itineribus
2236 2035 2355 2095 illis
2375 2036 2561 2096 verba
2582 2057 2702 2096 non
2718 2039 2887 2098 fecit.

643 2179 669 2200 ,
810 2127 1164 2204 Ignorantia
1216 2126 1438 2184 factum
1495 2146 1621 2184 esse
1678 2125 1873 2197 nobis,
1932 2125 1984 2184 si
2039 2125 2327 2203 placeret,
2390 2130 2607 2203 putare
2652 2127 2887 2200 liceret,

637 2217 777 2294 quia
806 2217 934 2293 ipse
958 2215 1232 2274 Muirchu
1260 2233 1462 2292 parva
1479 2212 1721 2294 peritia,
1752 2212 1980 2274 incertis
2010 2211 2358 2285 auetmibus,
2390 2213 2679 2274 memoria
2704 2213 2889 2288 labili,

634 2304 829 2366 attrito
873 2323 1042 2364 sensu
1087 2300 1303 2362 libram
1347 2323 1519 2362 suum
1564 2323 1625 2361 se
1673 2303 2088 2380 conscripsisse
2135 2303 2449 2362 confitetur
2480 2303 2766 2378 (Betham
2798 2305 2890 2379 ΙΙ,

635 2414 772 2473 app.
805 2415 862 2471 p.
895 2393 1168 2471 XLIII).
1232 2392 1458 2451 Tamen
1506 2398 1567 2451 et
1616 2391 1757 2470 quia
1802 2392 1903 2452 vix
1948 2392 2231 2453 credibile
2264 2399 2353 2451 est
2388 2392 2765 2453 Muirchuum
2810 2416 2890 2454 ne

634 2483 1040 2543 tenuissimam
1100 2482 1339 2560 quidem
1385 2482 1750 2541 auditionem
1810 2482 2100 2560 accepisse
2147 2482 2219 2539 de
2265 2482 2518 2540 Patricii
2565 2482 2895 2554 itineribus

636 2593 744 2651 per
808 2571 1066 2631 Galliam
1129 2578 1189 2631 et
1233 2570 1478 2631 Italiam
1537 2578 1599 2631 et
1660 2571 1803 2648 quia
1863 2591 1994 2629 cum
2054 2572 2257 2630 fabula
2315 2570 2421 2630 illa
2482 2572 2555 2630 de
2618 2572 2893 2633 Patricio

635 2663 889 2721 Romam
937 2660 1102 2718 adire
1164 2660 1437 2736 cupiente
1497 2665 1627 2719 tum
1687 2661 1892 2732 verba,
1957 2679 2108 2736 quae
2164 2660 2228 2717 in
2276 2667 2539 2718 extremo
2587 2661 2894 2721 Muirchui

637 2751 791 2807 libro
839 2754 1078 2808 exstant
1122 2748 1423 2825 prioribus
1453 2768 1643 2825 paene
1676 2748 1971 2806 contraria
2002 2748 2244 2806 haecce:
2292 2745 2364 2805 P.
2398 2745 2695 2829 colloquiis
2712 2749 2891 2831 frue-

639 2836 810 2898 batur
831 2833 1162 2917 anyuelieis,
1186 2844 1498 2917 antequam
1519 2836 1594 2897 de
1617 2834 1816 2895 Soet-ia
1838 2835 1922 2895 ad
1936 2832 2187 2895 Latinos
2198 2845 2470 2917 peryeret
2494 2837 2778 2913 (Betham
2800 2840 2893 2913 ΙΙ,

637 2948 777 3005 app.
823 2949 880 3005 p.
929 2926 1153 3003 XVII)
1201 2925 1543 2985 testimonio
1601 2946 1725 2985 esse
1779 2932 2030 3002 possunt
2074 2926 2446 2984 Muirchuum
2492 2929 2651 2985 fama
2698 2949 2893 3005 quan-

639 3016 860 3077 tumvis
903 3016 1133 3074 incerta
1166 3015 1239 3073 de
1269 3014 1521 3073 Patricii
1551 3014 1868 3075 itineribus
1900 3014 2211 3087 audivisse,
2246 3050 2328 3059 -—
2363 3016 2439 3073 ob
2472 3015 2648 3075 hasce
2681 3038 2895 3077 causas

641 3104 1022 3165 verisimilius
1069 3104 1215 3163 mihi
1261 3104 1498 3163 videtur
1543 3124 1671 3163 esse
1701 3104 2073 3162 Muirchuum
2120 3103 2193 3161 de
2222 3103 2521 3163 industria
2552 3106 2739 3165 verba
2769 3128 2896 3166 non

637 3194 848 3253 fecisse
898 3193 972 3251 de
1017 3194 1122 3251 illa
1168 3214 1248 3251 re.

818 3280 1204 3340 Adminiculo
1267 3301 1394 3340 esse
1447 3287 1649 3358 potest
1701 3282 1840 3339 huic
1897 3281 2163 3358 opinioni
2208 3280 2444 3339 dicendi
2489 3303 2705 3360 genus,
2772 3308 2895 3363 quo

640 3370 916 3431 Muirohu
945 3391 1085 3429 usus
1117 3376 1223 3431 est.
1293 3368 1524 3429 Audias
1555 3370 1809 3432 haecce
1793 3390 1855 3427 m
1882 3370 2158 3447 capitulis
2182 3367 2331 3428 Aidi
2354 3371 2581 3448 scripta
2608 3372 2897 3449 (Betham

643 3461 680 3517 1.
715 3480 762 3517 c.
796 3481 854 3537 p.
887 3458 1168 3535 XLIII):
1215 3454 1315 3517 De
1359 3466 1542 3519 aetate
1587 3456 1709 3541 ejus
1760 3458 1997 3540 quando
2042 3458 2161 3519 iens
2206 3457 2401 3519 videre
2433 3460 2631 3521 sedem
2660 3473 2895 3544 aposto-

641 3545 818 3606 licam
875 3544 1053 3607 voluit
1113 3546 1329 3607 discere
1383 3546 1747 3649 sapientiam.
1796 3582 1880 3593 -
1926 3543 2026 3607 De
2078 3546 2395 3608 inventione
2438 3549 2627 3609 sancti
2665 3553 2898 3633 qemi-is

639 3634 702 3695 in
753 3630 965 3696 Galliis
1011 3645 1062 3695 et
1105 3636 1235 3697 ideo
1279 3656 1396 3695 non
1456 3635 1634 3697 eoeivit
1676 3634 1848 3697 ultra.
1896 3672 1984 3681 —
2030 3642 2091 3695 et
2136 3636 2324 3710 dicas,
2374 3659 2568 3698 nonne
2613 3641 2900 3705 Muirchu

641 3725 786 3803 ipsis
833 3725 905 3784 iis
951 3727 1165 3799 verbiS,
1215 3746 1464 3804 quorum
1509 3726 1615 3784 illa
1658 3726 1947 3803 praebent
1994 3732 2424 3803 argumentum,
2472 3728 2753 3789 videatur
2796 3752 2896 3789 ex-

642 3814 894 3891 plicasse
940 3835 1060 3873 non
1105 3836 1253 3893 opus
1299 3815 1480 3874 fuisse
1527 3814 1741 3873 itinere
1778 3815 2068 3873 Romano·
2143 3815 2522 3875 Praeterea
2504 3838 2568 3875 1n
2599 3818 2734 3895 ipsa
2767 3820 2899 3880 vita

643 3903 864 3979 scripta
927 3911 1067 3965 sunt
1113 3907 1196 3981 (p.
1242 3904 1334 3980 II)
1380 3905 1645 3961 haecce:
1684 3898 1759 3961 P.
1803 3900 1953 3963 venit
2010 3906 2109 3979 (ex
2156 3902 2381 3981 Gallia)
2426 3904 2490 3963 in
2534 3902 2899 3969 Britannias

643 4000 695 4050 et
749 3990 974 4052 omissis
1033 3991 1296 4053 omnibus
1349 3988 1697 4051 ambulandi
1748 3989 2105 4073 anfractibus
2137 4001 2378 4071 praeter
2423 4013 2724 4055 commone
2768 3996 2900 4059 viae

643 4078 901 4163 officium
953 4102 1120 4141 nemo
1178 4080 1331 4141 enim
1377 4078 1657 4141 dissidiae
1700 4078 1924 4160 quaerit
1967 4080 2272 4141 dominum
2292 4082 2315 4117 1
2361 4102 2493 4142 eum
2540 4084 2704 4153 omni
2746 4084 2897 4147 velo-

791 4290 812 4321 ²
851 4288 1009 4357 Quae
1047 4290 1223 4343 verba
1261 4306 1447 4342 annon
1483 4293 1641 4343 recte
1676 4290 1917 4343 verterit
1942 4288 2277 4344 Bethamius
2316 4290 2395 4356 II,
2434 4308 2489 4359 p.
2521 4292 2653 4347 307:
2691 4296 2790 4362 for
2826 4314 2902 4351 ‘no

647 4358 854 4415 sincere
891 4376 987 4413 one
1023 4360 1166 4414 seeks
1203 4360 1288 4413 the
1325 4360 1476 4415 Lord
1511 4360 1572 4414 in
1608 4360 1761 4425 vain,
1818 4359 2043 4425 dubito,
2082 4360 2183 4415 sed
2220 4378 2331 4415 non
2372 4363 2551 4421 audeo
2590 4382 2695 4432 pro
2735 4372 2900 4423 certo
