3167 4900
1223 247 1752 327 ψει-χ

317 445 477 484 mum
511 424 888 504 conspicuum
921 432 1032 502 est,
1081 425 1238 503 quod
1284 423 1572 484 dissensio
1620 423 1725 483 illa
1770 445 1887 484 non
1935 425 2146 500 effecit,
2192 431 2260 505 ut
2304 425 2557 486 schisma

317 520 588 573 oreretur
631 514 696 571 in
738 513 1013 572 Francia.

495 602 666 661 Idem
721 604 794 661 de
849 608 1093 662 tonsura
1137 601 1450 660 dicendum
1497 607 1604 662 est.
1696 601 2051 676 Tonsuram,
2114 623 2231 680 qua
2275 603 2555 664 Britones

318 694 404 769 (et
437 690 619 765 Scoti,
666 697 736 750 ut
765 692 924 750 infra
955 690 1310 768 videbimus)
1341 692 1681 765 utebantur,
1728 692 1906 751 aliam
1951 692 2133 752 fuisse
2180 699 2361 770 atque
2407 713 2554 766 eam,

318 800 468 859 quae
515 781 824 840 dicebatur
869 786 929 842 et
973 781 1194 839 dieitur
1237 786 1485 838 tonsura
1541 800 1793 840 coronae
1807 825 1821 854 ,
1883 801 2000 858 qua
2044 781 2299 841 Romani
2348 787 2407 840 et
2451 783 2556 841 alii

317 877 488 930 erant
533 870 772 943 attonsi,
819 869 978 929 inter
1023 889 1224 928 omnes
1269 874 1517 929 constat.
1609 867 1729 928 Sed
1776 870 1967 946 qualis
2022 871 2204 929 fuerit
2256 871 2371 930 ista
2416 871 2551 930 Bri·

314 965 522 1018 tonum
568 964 848 1017 tonsurae
892 959 1107 1032 forma,
1168 977 1288 1016 non
1333 977 1520 1034 aeque
1565 963 1772 1017 notum
1819 964 1925 1018 est.
2016 958 2120 1017 An
2163 958 2296 1018 fieri
2338 965 2553 1038 potest,

313 1053 384 1106 ut
427 1048 591 1107 nisus
638 1047 836 1107 verbis
877 1046 1232 1119 Habilionis,
1279 1066 1430 1123 quae
1459 1048 1506 1106 J
1505 1047 1713 1106 affems
1760 1047 2161 1123 (Bibliotheca
2206 1069 2317 1107 rer.
2351 1046 2553 1107 Germ.

314 1135 434 1210 ΙΠ,
483 1157 540 1214 p.
575 1138 656 1194 26
705 1143 826 1196 not.
861 1136 926 1213 8)
971 1135 1409 1214 transscripsit:
1458 1132 1737 1196 Britones
1782 1135 2129 1196 anteriorem
2173 1135 2381 1216 eapitis
2399 1158 2549 1217 par-

313 1233 426 1284 tem
471 1221 702 1304 capillis
748 1224 982 1284 omnino
1027 1222 1331 1284 nudabam
1375 1222 1452 1282 ab
1495 1244 1640 1284 aure
1685 1224 1768 1284 ad
1812 1244 2044 1296 aurem,
2093 1224 2421 1305 posteriore
2464 1225 2549 1286 in-

313 1322 504 1384 tonsa,
553 1314 748 1372 animo
795 1314 1046 1390 effingas
1093 1314 1254 1372 illam
1301 1319 1582 1372 tonsurae
1626 1313 1921 1372 formam?
1966 1315 2180 1373 Melius
2224 1315 2379 1375 idem
2424 1316 2549 1374 Ma-

313 1403 455 1462 bilio
502 1400 644 1462 Aet.
691 1403 786 1476 H,
845 1423 901 1480 p.
957 1403 1080 1461 120
1129 1403 1233 1462 vit.
1290 1401 1461 1461 Eust.
1521 1424 1655 1461 ann.
1708 1403 1861 1474 625,
1928 1405 2009 1460 12
2058 1410 2180 1462 not.
2224 1403 2266 1461 b
2312 1411 2551 1464 tomara

312 1486 654 1562 Hiber-nica,
699 1491 912 1567 inquit,
959 1489 1337 1551 dimidiatam
1382 1510 1663 1552 eoronam
1706 1489 2013 1552 reddebat.-
2058 1490 2266 1552 sedicet
2304 1490 2377 1552 ab
2408 1512 2552 1552 aure

309 1579 396 1640 ad
439 1599 646 1640 aurem
677 1599 796 1659 per
824 1578 1095 1682 frontem
1133 1578 1196 1638 in
1241 1599 1518 1639 coronam
1563 1599 1761 1640 caesus
1806 1589 1932 1639 erat
1976 1578 2241 1661 capillus,
2288 1580 2363 1641 ab
2408 1601 2551 1642 aure

310 1668 396 1729 ad
447 1687 654 1728 aurem
691 1687 812 1749 per
866 1667 1194 1749 occipitium
1235 1667 1494 1728 intonat-3
1539 1667 1913 1748 dependebat.
2006 1669 2171 1730 Talis
2216 1671 2373 1730 enim
2420 1676 2550 1729 erat

308 1757 627 1817 Britonum
696 1765 976 1832 tonsura,
1046 1765 1110 1816 ut
1178 1755 1241 1816 in
1292 1755 1516 1840 frontis
1584 1756 1881 1841 superficie
1948 1777 2193 1822 coronae
2260 1758 2552 1820 videretur

306 1845 552 1927 speeiem
599 1845 942 1927 praefert-e,-
1007 1845 1110 1906 sed
1151 1844 1254 1905 aba·
1296 1845 1380 1906 ad
1423 1845 1699 1906 cervicem
1743 1845 2163 1907 considerando
2194 1847 2545 1928 perseum-³⁰8,

307 1934 672 1996 decumam
715 1953 872 2008 eam,
919 1954 1102 2017 quam
1144 1944 1198 1996 te
1240 1933 1434 1995 videre
1468 1933 1759 2016 putabas,
1816 1933 2063 1996 invenies
2106 1955 2383 1997 coronam
2428 1940 2543 2014 (ep.

307 2023 595 2084 Ceolfridi
641 2025 801 2103 apud
847 2025 1076 2084 Bedam
1120 2025 1177 2082 h.
1225 2045 1272 2083 e.
1323 2024 1379 2096 5,
1430 2025 1509 2082 21
1563 2025 1599 2101 ξ
1650 2024 1822 2100 440).

486 2114 620 2172 Hae
667 2114 870 2172 eadem
925 2119 1170 2172 tonsura
1223 2114 1286 2171 in
1335 2111 1535 2172 Gallia
1596 2133 1831 2191 quoque
1888 2113 2169 2174 Britones
2224 2134 2363 2174 usos
2420 2135 2547 2174 esse

303 2201 706 2262 testimonium
765 2208 857 2262 est
911 2202 1190 2280 Gregorii
1245 2200 1609 2261 Turonensis
1661 2202 1863 2262 hoece·
1934 2198 2403 2284 Fredeymulis.
2438 2247 2451 2261 .
2484 2248 2499 2261 .

303 2287 728 2372 Bajooassinos
760 2285 1022 2352 Saxones
1055 2292 1114 2367 (i.
1149 2311 1196 2350 e.
1239 2303 1356 2364 eos,
1404 2291 1508 2368 qui
1552 2287 2547 2371 prope-„Baye11.oe“habitabant)

290 2376 474 2462 juxta
523 2378 703 2440 m‘tam
759 2375 1196 2440 Britannorum
1238 2388 1476 2440 tonsos.
1607 2379 1960 2461 .praeeepit
2006 2381 2086 2457 (h.
2134 2401 2181 2440 e.
2228 2381 2310 2456 X,
2362 2384 2417 2440 9.
2464 2383 2545 2440 H.

303 2470 424 2529 and
470 2468 691 2544 81211,
745 2472 774 2528 1
826 2491 884 2548 p.
935 2473 969 2528 7
977 2471 1062 2548 8)
1156 2470 1381 2529 Temen
1441 2470 1514 2529 de
1573 2471 1699 2529 ulla
1760 2470 2193 2545 controversia,
2264 2491 2414 2550 quae
2473 2492 2546 2530 ex

302 2560 414 2618 hae
474 2559 720 2638 propria
780 2559 1100 2618 Britonum
1160 2557 1446 2618 tondendi
1504 2558 1735 2618 ratione
1798 2565 1933 2619 orta.
1994 2566 2149 2619 esset
2208 2560 2271 2617 in
2328 2558 2543 2633 Gallia,

301 2650 620 2707 memoriae
665 2649 750 2707 nil
794 2648 1099 2727 proditum
1145 2652 1250 2707 est.

479 2737 556 2796 In
584 2736 883 2816 Hispania
927 2743 1124 2797 autem
1171 2737 1233 2795 in
1280 2736 1530 2796 coneilio
1577 2735 1868 2797 Toletano
1914 2736 2009 2797 IV
2050 2758 2187 2797 ann.
2238 2738 2365 2797 633
2414 2744 2544 2797 ton·

300 2847 472 2887 surae
528 2828 720 2885 forma
776 2826 936 2905 apud
988 2826 1268 2886 Britones
1324 2827 1544 2886 usitata
1600 2826 2007 2886 comdemnata
2062 2834 2172 2888 est.
2242 2828 2416 2893 Nam
2472 2828 2545 2886 de

301 2916 420 2975 alia
475 2916 730 2992 quadam
786 2915 966 2975 tertia
1027 2921 1272 2976 tonsura
1325 2916 1516 2975 forma
1582 2916 1642 2974 in
1706 2916 1930 2993 synodo
1996 2916 2101 2975 illa
2164 2923 2361 2976 aetum
2426 2936 2544 2975 non

301 3026 428 3065 esse
475 3011 728 3083 apparet
772 3005 994 3083 partim
1041 3024 1114 3063 ex
1158 3004 1356 3065 verbis
1399 3004 1545 3082 ipsis
1590 3011 1871 3065 tonsurae
1915 3005 2165 3065 formam
2210 3005 2543 3063 describen-

297 3095 486 3167 tibus,
546 3113 698 3170 quae
755 3094 840 3154 sio
894 3094 1120 3173 scripta
1164 3101 1326 3153 sunt:
1397 3111 1593 3152 omnes
1639 3090 1831 3153 clen‘oe‘
1870 3090 1960 3151 vel
2002 3089 2233 3153 lectores
2277 3092 2422 3153 sicut
2467 3090 2541 3153 le-

296 3181 446 3243 vitae
502 3191 555 3242 et
607 3180 930 3242 sacerdotes
995 3181 1230 3243 detonso
1293 3180 1558 3262 superius
1623 3190 1738 3241 toto
1800 3179 1987 3263 capite
2047 3179 2111 3241 in
2138 3178 2292 3241 erius
2356 3179 2545 3241 solam

295 3270 504 3331 civ-cadi
545 3290 824 3331 eoronam
867 3267 1220 3353 relinquant,
1275 3290 1392 3331 non
1437 3268 1580 3329 θέσπιε
1625 3267 1914 3351 hueusque
1956 3268 2019 3329 in
2127 3266 2357 3331 aniciae
2388 3290 2541 3350 par-

293 3359 448 3421 tibus
477 3358 686 3443 faeere
731 3356 963 3420 lectores
1007 3358 1301 3430 videntur,
1369 3357 1472 3439 qai
1504 3356 1760 3441 prolizis
1804 3368 1867 3420 ut
1914 3356 2052 3419 laica·
2092 3357 2273 3419 comis
2315 3357 2378 3419 in
2420 3357 2545 3420 solo

295 3448 508 3530 capiti-3
577 3447 741 3529 apice
806 3448 1104 3509 ‘modimcm
1172 3445 1454 3509 circulum
1522 3447 1771 3508 tondent.
1864 3444 2041 3509 Ritus
2102 3446 2255 3508 enim
2322 3447 2425 3509 iste
2482 3448 2545 3509 in

293 3534 606 3618 Hispania
661 3534 952 3620 hueusque
1005 3534 1426 3599 haereticorum
1470 3546 1596 3598 erat
1642 3539 1828 3613 (eone.
1876 3536 2006 3597 Tol.
2051 3537 2164 3611 IV,
2212 3558 2338 3597 ean.
2385 3538 2543 3597 XLI

295 3628 379 3687 Η.
413 3627 534 3687 and
564 3625 654 3686 St.
685 3626 772 3699 Π,
821 3629 850 3685 1
886 3648 944 3705 p.
982 3627 1107 3704 99),
1154 3626 1374 3706 partim
1421 3626 1558 3685 inde
1607 3627 1765 3704 quod
1810 3627 1873 3685 in
1921 3625 2177 3686 Gallicis
2222 3626 2542 3686 Britonum

296 3717 592 3777 coloniam
638 3716 818 3775 fuisse
865 3715 1018 3774 aliae
1060 3736 1267 3775 causae
1299 3717 1691 3793 comprobant
1724 3715 1827 3791 (H.
1860 3715 1978 3774 and
2007 3714 2095 3775 St.
2126 3714 2214 3789 Π,
2255 3717 2285 3774 1
2320 3738 2378 3795 p.
2414 3716 2541 3796 99).

295 3806 497 3882 Hujus
535 3805 856 3864 Britonum
903 3811 1182 3865 tonsurae
1227 3824 1379 3883 quae
1423 3804 1607 3863 fuerit
1650 3804 1835 3881 orig0,
1882 3804 2089 3865 iisdem
2134 3805 2395 3865 tenebris
2440 3806 2542 3863 ob-

296 3900 596 3969 scuratur,
653 3914 804 3970 quae
863 3895 1101 3953 omnino
1162 3901 1441 3954 tonsurae
1500 3891 1842 3972 primordiis
1902 3893 2193 3954 obductae
2248 3900 2387 3953 sunt
2442 3893 2539 3968 (ef.

295 3983 656 4055 Hinsehius‚
724 3983 1163 4043 Kirehenreeht
1208 3984 1259 4057 Ι,
1317 4004 1375 4061 p.
1430 3983 1599 4059 104).
1692 3982 1918 4041 Tamen
1975 3982 2207 4041 concilii
2261 3981 2541 4040 Toletani

297 4072 472 4131 illud:
520 4070 704 4142 „ritus
745 4070 900 4131 enim
927 4070 1030 4133 iste
1059 4069 1348 4153 hueusque
1391 4068 1809 4131 haereticoram
1853 4078 2029 4144 παῦ’,
2078 4090 2208 4129 eum
2254 4070 2543 4129 haeretiei

297 4160 388 4219 illi
435 4167 598 4220 eerto
643 4180 761 4219 non
809 4161 1180 4237 intelligendi
1226 4161 1348 4221 sint
1392 4160 1672 4219 Britones
1720 4194 1801 4203 —-
1850 4180 1985 4218 nam
2030 4159 2188 4218 inter
2233 4150 2543 4238 episcopos

299 4269 429 4320 eos,
501 4249 602 4326 qui
661 4250 869 4325 synodi
925 4251 1165 4309 statutis
1220 4248 1723 4326 subscripserunt,
1794 4249 2103 4327 episeopus
2165 4248 2405 4323 quidam
2466 4249 2541 4307 de

297 4337 654 4398 Britonibus
683 4339 982 4419 reperitur
1023 4374 1092 4383 ——
1131 4340 1532 4399 demonstrare
1561 4344 1764 4417 potest
1794 4340 1948 4397 huno
1971 4338 2287 4397 Britonum
2320 4356 2539 4398 morem
