3167 4900
1500 233 1932 293 -84—

771 416 939 488 Quae
986 432 1121 472 cum
1164 412 1253 471 ita
1298 416 1520 482 essent,
1578 409 1712 469 fieri
1755 429 1876 468 non
1929 409 2154 487 potuit,
2215 408 2362 486 quin
2417 408 2658 485 saepius
2717 428 2842 467 una

591 503 837 563 ecclesia
902 500 1337 561 necessitudine
1404 500 1734 577 attingeret
1801 499 2072 557 alteram.
2177 497 2354 569 Quod
2423 496 2845 557 commercium

592 592 767 670 quale
810 590 1011 663 fuerit,
1056 608 1411 665 cognoscere
1454 586 1699 646 maximi
1743 587 2025 647 momenti
2071 593 2164 647 est
2217 586 2294 645 ad
2333 584 2722 661 judicandum
2769 585 2846 643 de

592 679 871 739 ecclesiae
916 677 1230 738 Scotorum
1275 683 1513 735 natura.
1572 674 1730 735 Nam
1775 694 1908 735 cum
1938 675 2237 748 Britones,
2281 683 2354 733 ut
2397 694 2580 752 supra
2610 675 2694 751 (p.
2729 674 2845 747 27)

592 768 865 841 vidimus,
912 763 1249 847 reliqiomm
1278 761 1616 845 Anylorum
1639 783 1758 843 pro
1787 760 1966 823 1117ιίΖο
1996 760 2268 824 haberent
2310 781 2491 843 neque
2533 761 2600 821 in
2641 758 2847 842 aliquo

592 854 665 917 iic
709 853 899 937 anis
946 853 1437 915 communicarent
1466 872 1646 933 quam
1681 850 1939 932 paqanis
1969 852 2164 927 (Beda
2191 853 2250 910 h.
2281 874 2332 911 e.
2366 854 2426 925 2,
2459 851 2562 923 20,
2595 852 2634 927 ξ
2673 851 2850 926 147),

594 944 762 1005 Secti
802 964 935 1003 cum
966 942 1270 1015 Romanis,
1316 941 1575 1001 Romani
1622 961 1756 1001 cum
1786 939 1982 1001 Scotis
2026 942 2352 1001 utebantur
2397 937 2849 1011 consuetudine,

596 1054 717 1094 non
760 1037 929 1093 arcta
974 1031 1245 1114 quidem
1258 1031 1387 1103 1118,
1434 1030 1540 1089 sed
1584 1029 1724 1103 tali,
1772 1049 1925 1106 quae
1971 1030 2436 1089 luculentissime
2481 1029 2848 1105 comprobet,

596 1122 791 1181 nullas
849 1119 1193 1179 inimicitias
1250 1119 1427 1179 initio
1484 1118 1670 1177 fuisse
1726 1118 1884 1177 inter
1941 1116 2256 1177 Scotorum
2319 1124 2382 1177 et
2437 1116 2852 1175 Romanorum

596 1209 889 1269 ecclesias.
979 1209 1160 1281 Nam,
1206 1214 1279 1269 ut
1320 1207 1440 1267 alia
1484 1206 1784 1279 omittam,
1828 1205 2076 1267 Birinus
2117 1208 2246 1278 ille,
2291 1204 2395 1288 qui
2435 1226 2572 1264 cum
2609 1201 2851 1265 corm‘lio

597 1294 861 1358 Honorii
890 1315 1097 1376 papae
1138 1294 1201 1355 in
1232 1292 1623 1355 Britanniam
1665 1303 1913 1365 venierat,
1959 1296 2024 1355 in
2067 1250 2465 1373 praedicando
2510 1295 2698 1352 verbo
2727 1293 2852 1353 Dei

598 1386 975 1462 adjutoribus
1034 1404 1177 1443 usus
1236 1391 1327 1443 est
1386 1382 1694 1460 cynigilso
1711 1428 1724 1455 ,
1793 1403 1934 1459 rege
1996 1382 2464 1444 Occidentalium
2525 1382 2851 1455 Saxonum,

601 1494 777 1552 quem
822 1474 952 1550 ipse
998 1472 1429 1549 baptizaverat,
1476 1478 1538 1530 et
1573 1506 1650 1517 --
1688 1470 1982 1545 Oswald0,
2028 1472 2664 1547 Nordanhymbrorum
2709 1490 2852 1548 rege

601 1570 665 1623 et
730 1580 959 1620 summo
1028 1561 1149 1619 suis
1216 1560 1588 1638 temporibus
1655 1560 1916 1619 omnium
1945 1565 1952 1575 “
1983 1560 2520 1637 Anglo·Saxonum
2590 1559 2853 1631 domino,

598 1648 842 1711 Aedani
884 1648 1099 1721 amice,
1146 1669 1183 1709 a
1228 1648 1424 1707 Scotis
1469 1649 1778 1726 baptizato
1824 1649 2019 1723 (Beda
2063 1650 2119 1708 h.
2167 1670 2216 1708 e.
2267 1650 2326 1721 3,
2361 1651 2418 1721 7,
2463 1651 2500 1726 ξ
2551 1649 2676 1705 167
2719 1650 2855 1724 sq.).

600 1739 877 1801 Secunda
922 1738 1095 1797 testis
1139 1738 1309 1797 adest
1352 1736 1737 1812 Aediltryda,
1785 1738 1910 1797 filia
1952 1737 2171 1797 Annae
2188 1782 2203 1811 ,
2249 1738 2408 1814 regis
2454 1736 2856 1796 Orientalium

603 1827 957 1904 Anglorum,
1006 1826 1110 1903 qui
1142 1847 1179 1885 a
1210 1826 1555 1885 cantuariis
1599 1824 1777 1885 fidem
1824 1832 2210 1904 susceperant
2253 1825 2448 1901 (Beda
2479 1825 2536 1883 h.
2571 1846 2620 1883 e.
2655 1826 2712 1895 3,
2751 1825 2852 1896 18,

604 1917 642 1993 ἓ
681 1916 855 1991 199).
948 1915 1173 1993 Nupsit
1232 1914 1389 1973 enim
1448 1934 1605 1973 anno
1654 1914 1780 1972 660
1829 1914 2105 1991 ngrido,
2168 1914 2392 1973 Oswini
2437 1912 2854 1987 Nordanhym·

602 2006 847 2067 brorum
892 2002 1053 2080 regis
1096 2002 1239 2075 filio,
1286 2008 1349 2063 et
1392 2002 1703 2063 duodecim
1747 2004 1922 2061 annis
1965 2008 2104 2079 post
2133 2038 2220 2047 —
2250 2003 2398 2060 illud
2429 2000 2670 2078 quidem
2715 2006 2858 2077 post

605 2092 895 2169 synodum
941 2089 1599 2151 Strenaeshalchensem
1646 2126 1720 2134 —
1766 2091 1952 2150 vitam
1998 2090 2401 2150 monachicam
2447 2094 2538 2148 est
2581 2090 2861 2166 amplexa

605 2181 671 2243 in
718 2187 919 2238 vetere
964 2178 1279 2239 Scotorum
1324 2179 1711 2251 monasterio,
1772 2178 1988 2238 Ooludi
2030 2181 2180 2238 urbe
2226 2178 2422 2255 (Beda
2465 2178 2522 2236 h.
2565 2198 2616 2237 e.
2659 2178 2720 2247 4,
2759 2178 2860 2249 19,

606 2270 645 2345 g
679 2268 804 2325 309
840 2268 971 2343 sq.),
1032 2266 1288 2343 denique
1342 2288 1460 2325 uno
1520 2273 1822 2332 transacto
1879 2288 2035 2326 anno
2082 2266 2212 2345 ipsa
2257 2288 2476 2327 novum
2523 2265 2862 2325 construxit

608 2356 1059 2429 monasterium,
1122 2355 1299 2433 Elge,
1360 2356 1423 2413 in
1469 2355 1782 2433 provincia
1827 2354 2221 2415 Orientalium
2267 2356 2634 2433 Anglorum,
2697 2354 2862 2431 quod

608 2444 924 2506 Scotorum
985 2444 1361 2504 monasteriis
1416 2446 1565 2506 adeo
1627 2444 1816 2504 simile
1874 2444 2056 2504 fuisse
2102 2444 2364 2518 videtur,
2433 2452 2504 2504 ut
2549 2442 2864 2504 Ebrardus

610 2538 695 2612 (p,
728 2534 885 2610 204)
932 2535 1216 2612 temporis
1262 2535 1516 2594 calculos
1576 2534 1906 2593 subducere
1953 2534 2234 2594 omittens
2294 2534 2454 2594 inter
2497 2533 2865 2592 monasteria

610 2622 1043 2698 „⁴⁴Ou1deorum
1090 2623 1365 2683 videatur
1409 2643 1750 2682 numerasse
1795 2623 1946 2682 illud
1989 2623 2430 2683 monasterium.
2466 2657 2543 2668 -
2591 2620 2866 2682 Tertiam

611 2717 827 2772 testem
871 2710 1195 2786 producam
1240 2711 1488 2770 Hildam
1534 2711 1898 2770 abbatissam
1943 2709 2614 2772 Strenaeshalchensem.
2691 2710 2868 2769 Haec

612 2799 768 2857 enim
815 2797 898 2856 ad
929 2797 1432 2877 praedicationem
1476 2795 1740 2875 Paulini,
1778 2797 1976 2877 primi
2017 2795 2102 2859 N
2093 2796 2668 2878 ordanhymhrorum
2709 2797 2864 2876 cpi-3-

612 2884 761 2965 copi,
786 2884 981 2968 fidem
1024 2894 1076 2946 et
1120 2895 1485 2946 sacr-amma
1534 2882 1757 2946 Christi
1798 2896 2126 2966 &acceperat
2185 2895 2248 2948 et
2307 2893 2518 2966 postea
2559 2887 2870 2964 integrum

614 2995 835 3036 annum
880 2974 1123 3035 vivebat
1166 2975 1229 3034 in
1274 2974 1634 3036 monasterio
1681 2977 1744 3034 in
1785 2975 2191 3036 Orientalibus
2235 2975 2457 3052 Anglis
2503 2981 2870 3051 constructe,

615 3064 763 3141 quin
810 3062 990 3122 etiam
1035 3064 1414 3126 desiderabat
1455 3064 1521 3124 in
1567 3063 1828 3124 Galliam
1883 3066 2228 3143 pervenire:
2298 3066 2400 3124 sed
2460 3072 2750 3126 revocata
2803 3067 2872 3126 in

614 3150 875 3230 patriam
921 3154 998 3211 ab
1044 3153 1296 3212 Aedano
1354 3153 1633 3233 episcopo
1695 3154 2001 3214 abbatissa
2045 3153 2660 3213 Strenaeshalchensis
2707 3154 2872 3214 facta

615 3246 709 3300 est
731 3238 735 3243 ’
754 3245 815 3298 et
858 3241 923 3298 in
968 3241 1191 3316 synodo
1247 3241 1311 3300 in
1370 3241 1558 3319 ipsius
1614 3242 1973 3302 monasterio
2028 3243 2238 3302 habita
2283 3262 2320 3302 a
2365 3240 2682 3301 Scotorum
2727 3263 2870 3320 par-

616 3329 782 3388 tibus
840 3329 1015 3388 stetit
1072 3329 1265 3404 (Beda
1320 3330 1375 3388 h.
1426 3351 1474 3388 e.
1522 3331 1592 3403 4,
1642 3331 1752 3404 23,
1814 3332 1850 3408 ἓ
1899 3332 2026 3389 323
2075 3351 2236 3406 sqq.;
2306 3331 2372 3401 3,
2423 3331 2533 3404 25,
2595 3333 2631 3409 ξ
2691 3331 2870 3407 228).

618 3417 911 3490 Quartam
966 3418 1221 3494 denique
1274 3417 1517 3478 nomino
1559 3419 1910 3478 Eanfledam
1923 3464 1938 3491 ,
2007 3418 2276 3478 Aeduini
2332 3419 2492 3496 regis
2551 3419 2760 3492 filiam,
2831 3440 2873 3479 a

619 3503 876 3562 Paulino
922 3506 1291 3582 baptizatam
1337 3508 1417 3582 (h.
1450 3527 1499 3565 e.
1534 3509 1593 3578 2,
1629 3509 1685 3580 9,
1720 3508 1756 3584 ἓ
1795 3508 1966 3584 114),
2014 3528 2168 3585 quae
2211 3515 2420 3585 postea
2466 3508 2598 3585 regi
2626 3507 2873 3568 Oswino

620 3591 830 3669 nupsit
874 3592 957 3668 (h.
997 3614 1046 3651 e.
1092 3596 1150 3666 3,
1198 3594 1295 3665 15,
1342 3595 1379 3671 ξ
1426 3596 1597 3671 191).
1647 3630 1722 3640 -—
1777 3595 1897 3656 Sed
1953 3617 2028 3654 ne
2081 3597 2258 3674 plura
2314 3595 2657 3671 hujusmodi
2701 3598 2873 3658 testi-

620 3680 821 3742 monia
881 3682 1189 3758 proferens
1248 3684 1583 3742 molestiam
1643 3683 1888 3743 afferam
1955 3685 2291 3761 legentibus
2307 3727 2322 3758 ,
2390 3690 2720 3744 extremum
2787 3685 2877 3746 sit

622 3787 1096 3843 commemorare,
1145 3771 1303 3846 quod
1349 3771 1510 3848 ipsos
1556 3773 1866 3849 utriusque
1913 3772 2192 3832 ecclesiae
2239 3773 2483 3832 clericos
2528 3772 2875 3852 saepissime

623 3857 959 3919 invenimus
1006 3858 1067 3915 in
1112 3879 1233 3917 una
1278 3860 1584 3937 provincia
1629 3861 1930 3934 viventes3
2000 3861 2238 3920 nomino
2283 3862 2329 3921 J
2329 3864 2583 3921 acobum
2610 3860 2877 3922 ‘Paulini

624 3947 889 4024 episcopi
935 3946 1274 4021 diaconum,
1338 3949 1450 4025 qui,
1484 3949 1744 4008 Paulino
1800 3950 2044 4027 expulso
2098 3949 2161 4008 in
2215 3950 2739 4026 Nordanhymbria
2781 3971 2875 4011 re-

623 4035 799 4094 lictus
846 4035 1038 4111 (Beda
1068 4037 1125 4094 h.
1158 4058 1207 4095 e.
1241 4038 1299 4111 2,
1334 4038 1436 4110 20,
1468 4039 1505 4115 g
1542 4037 1694 4113 149)
1742 4036 1829 4097 ibi
1871 4058 1982 4116 per
2026 4044 2219 4097 totum
2263 4042 2516 4116 tempus,
2564 4058 2682 4116 quo
2731 4038 2875 4099 Sco-

624 4129 823 4185 torum
870 4124 1114 4182 ecclesia
1160 4125 1437 4198 florebat,
1498 4133 1802 4205 superstes
1862 4128 2144 4185 manebat
2201 4145 2388 4202 usque
2449 4127 2527 4185 ad
2583 4128 2882 4205 synodum

627 4209 1279 4272 Strenaeshalchensem
1312 4213 1393 4287 (h.
1427 4235 1476 4272 e.
1512 4214 1569 4286 3,
1607 4214 1708 4286 25,
1750 4215 1785 4291 ξ
1821 4215 1946 4272 226
1983 4219 2042 4273 et
2075 4215 2246 4290 228),
2293 4214 2506 4274 deinde
2534 4215 2882 4278 Romanum

627 4301 1039 4375 presbyterum
1052 4344 1067 4373 ,
1125 4301 1229 4377 qui
1275 4320 1407 4359 cum
1453 4301 1744 4361 Eanfleda
1789 4302 1994 4381 regina
2038 4303 2102 4362 in
2145 4302 2730 4380 Nordanhymbriam
2776 4327 2881 4366 ve-
