3167 4900
1224 278 1311 286 —
1370 244 1527 305 ,101
1625 276 1713 287 -—

342 438 403 495 p.
453 417 607 492 440)
656 418 761 475 sed
806 418 924 495 ipsi
970 420 1161 479 sancti
1208 424 1270 477 et
1304 420 1477 497 ‚ipsae
1524 426 1791 494 sanctae,
1849 422 2062 498 quibus
2119 442 2248 481 cum
2296 423 2588 483 Columba

314 512 479 565 -erat
518 506 910 579 necessitudo,
956 507 1366 585 virginitatem
1411 509 1569 568 tanti
1615 510 2089 583 aestimaverint,
2135 518 2206 570 ut
2251 512 2368 570 nisi
2412 514 2588 571 inviti

338 616 383 653 a
426 590 777 673 parentibus
824 596 1098 655 collocati
1144 599 1265 656 sint
1311 598 1442 672 (vit.
1478 596 1838 675 salabergae
1873 603 1930 672 6,
1962 601 2120 658 Mab.
2153 600 2239 672 II,
2271 622 2406 660 ann.
2443 602 2589 675 655,

342 706 404 762 Ρ.
436 684 595 760 424)
642 704 833 761 neque
879 704 989 743 ewa
1018 693 1219 766 sponte
1249 686 1537 746 desierint
1566 686 1778 746 divinis
1815 687 2148 769 praeceptis
2179 707 2238 747 se
2265 686 2590 768 implicare.

314 774 511 849 -Ergo
559 788 677 831 11011
724 773 865 831 solis
926 774 1317 851 scriptoribus
1365 776 1606 850 (Jonas,
1655 777 1760 835 vit.
1807 776 1994 853 Burg.
2039 778 2110 847 3,
2168 788 2225 855 p.
2275 779 2430 855 440)
2487 778 2590 837 sed

338 862 526 920 etiam
576 862 721 939 ipsis
767 862 988 921 sanctis
1032 863 1475 922 matrimonium
1522 872 1584 923 et
1630 866 1756 923 vita
1802 866 2145 925 monachica
2191 867 2276 925 ita
2322 868 2480 925 inter
2525 888 2586 926 se

339 952 648 1009 contraria
710 968 835 1009 esse
890 951 1275 1027 videbantur,
1336 958 1405 1011 ut
1460 953 1790 1012 consecrari
1847 954 1954 1014 deo
2012 955 2169 1012 idem
2211 962 2384 1014 -esset
2431 956 2589 1033 quod

344 1059 586 1097 manere
632 1040 699 1097 in
742 1040 1093 1116 virginitate
1140 1041 1305 1117 (Jon.
1356 1042 1461 1100 vit.
1509 1042 1680 1103 Eust.
1738 1043 1788 1116 l,
1836 1064 1894 1120 p.
1949 1046 2117 1119 117).

314 1158 323 1163 -
525 1128 621 1185 Ph:
669 1129 916 1205 singulis
964 1129 1177 1187 deinde
1224 1131 1597 1201 testimoniis,
1633 1150 1785 1207 quae
1831 1131 2143 1190 Ebrardus
2174 1134 2420 1209 profert,
2468 1132 2585 1209 pri-

315 1233 505 1273 -mum
552 1217 873 1292 rejicienda
920 1223 1059 1275 sunt
1106 1240 1191 1289 ea,
1241 1239 1393 1295 quae
1424 1220 1708 1296 repetivit
1739 1241 1811 1279 ex
1841 1222 1945 1279 vit.
1979 1220 2179 1279 Salab.
2219 1222 2315 1293 17,
2347 1244 2404 1298 p.
2431 1221 2588 1293 4283

338 1306 452 1363 vit.
502 1304 625 1363 Col.
677 1307 777 1379 23,
824 1328 881 1384 p.
938 1307 1017 1364 14
1064 1308 1133 1365 cf.
1182 1306 1452 1366 Columb.
1500 1330 1592 1386 ep.
1643 1310 1707 1382 3,
1755 1331 1812 1386 p.
1864 1311 1943 1366 27
1996 1309 2084 1381 A3
2139 1310 2247 1367 vit.
2306 1309 2427 1367 Sal.
2481 1310 2585 1381 12,

344 1415 402 1472 p.
452 1394 602 1466 426,
664 1414 801 1452 110111
856 1414 987 1453 cum
1044 1396 1171 1473 ipse
1218 1395 1529 1455 Ebrar'dus
1587 1399 1871 1457 concedat
1924 1399 2016 1457 his
2062 1398 2417 1457 testimoniis
2461 1417 2588 1455 rem

340 1484 683 1541 confirmari
728 1504 848 1542 non
893 1504 1065 1561 posse
1112 1487 1193 1561 (p.
1245 1486 1419 1561 215),
1467 1487 1694 1545 leviora
1741 1488 1864 1545 sint
1909 1507 2142 1545 necesse
2189 1492 2295 1545 est.

522 1571 685 1629 Illud
731 1593 873 1630 vero
906 1573 1327 1646 testimonium,
1375 1576 1533 1650 quod
1581 1596 1653 1632 ex
1685 1576 2040 1653 Leodegarii
2070 1576 2196 1635 vita
2243 1576 2586 1653 desumpsit,

324 1660 430 1717 -nil
474 1660 639 1718 aliud
686 1662 1033 1737 comprobat
1077 1662 1193 1719 nisi
1241 1662 1448 1720 miram
1498 1662 1796 1741 quandam
1827 1665 1888 1721 in
1923 1664 2232 1722 scribendo
2265 1665 2586 1722 levitatem.

346 1748 501 1807 Nam
533 1748 905 1826 Leodegario
940 1751 1422 1809 consuetudinem
1468 1753 1652 1811 fuisse
1683 1773 1813 1810 cum
1853 1752 2024 1811 sociis
2055 1751 2379 1811 Columbae
2425 1752 2584 1809 affir-

294 1876 302 1883 -
346 1837 497 1895 mari
542 1838 779 1896 omnino
826 1858 944 1896 non
992 1844 1189 1916 potest
1236 1840 1379 1913 (vid.
1427 1836 1703 1917 Loen'ing
1733 1841 1819 1913 II,
1865 1862 1921 1917 p.
1957 1842 2130 1917 428),
2179 1848 2338 1899 certe
2382 1839 2587 1899 fictum

344 1932 437 1985 est
498 1942 630 1991 eum
676 1926 897 1986 vixisse
956 1927 1018 1985 in
1076 1928 1468 1987 matrimonio·
1559 1930 1869 1989 Ebrardus
1932 1930 2113 2001 enim,
2175 1930 2313 2005 quia
2359 1928 2587 1987 Leode-

342 2014 548 2090 garius
594 2014 851 2073 moriens
896 2012 1197 2075 mulierem
1246 2016 1433 2095 coepit
1478 2016 1768 2077 consolari
1814 2040 1980 2077 suam
2038 2018 2226 2095 ipsius
2281 2018 2588 2076 mulierem

314 2121 478 2161 ‘eum
526 2104 891 2163 consolatum
954 2124 1079 2163 esse
1142 2106 1428 2177 affirmat,
1458 2098 1461 2102 Δ
1494 2106 1653 2183 quod
1713 2106 1786 2165 de
1846 2108 2010 2166 nulla
2071 2106 2190 2165 alia
2235 2108 2478 2165 muliere
2525 2106 2588 2163 in

315 2207 324 2217 ·’
344 2192 646 2269 prioribus
692 2194 913 2251 mentio
960 2194 1121 2253 facta
1166 2195 1259 2252 sit.
1351 2195 1514 2253 Proh
1560 2196 1751 2253 dolor!
1831 2196 1896 2255 Si
1942 2216 2149 2254 versus
2195 2196 2412 2273 prioris
2457 2194 2589 2253 dili-

314 2280 582 2357 ·gentius
618 2282 919 2340 rationem
983 2283 1313 2356 habuisset,
1368 2284 1674 2343 mulierem
1735 2285 1897 2342 illam
1943 2286 2336 2343 intellexisset
2380 2304 2588 2343 revera

350 2370 528 2427 aliam
574 2390 692 2429 non
738 2370 937 2444 fuisse,
985 2392 1163 2447 quam
1212 2372 1441 2431 comitis
1501 2374 1716 2450 palatii
1763 2373 2157 2432 Chrodeberti
2202 2372 2500 2431 uxorem.1

314 2501 323 2507 -
524 2459 733 2536 Neque
762 2481 836 2518 ex
865 2461 975 2520 vit.
996 2461 1329 2538 Wandreg.·
1349 2453 1533 2539 prior.
1566 2483 1614 2520 0.
1645 2463 1713 2534 4,
1745 2463 1901 2520 Mab.
1933 2463 2018 2535 Π,
2051 2483 2111 2540 p.
2146 2463 2268 2519 527
2305 2461 2586 2538 (Ebrard,

315 2566 405 2625 -p.
428 2544 584 2623 1945
604 2549 767 2606 aliud
794 2551 1107 2626 quicquam
1132 2543 1329 2627 colligi
1354 2571 1524 2626 posse
1547 2551 1663 2609 nisi
1696 2551 1856 2626 quod
1877 2551 2122 2609 Mabilio
2145 2551 2323 2608 dixit:
2362 2545 2587 2610 Wand-

316 2633 609 2716 —reyzzsilus
652 2637 831 2697 umori
873 2637 1191 2698 castitatem
1226 2630 1578 2720 persuadet,
1629 2639 1758 2716 ipse
1806 2641 1994 2698 lector
2036 2639 2209 2697 facile
2255 2645 2586 2716 cognoscet.

525 2724 645 2784 Sed
691 2726 836 2802 quid
873 2728 1205 2803 judicemus
1267 2728 1340 2786 de
1402 2727 1475 2786 iis·
1530 2727 1792 2786 vitarum
1839 2728 2015 2800 locis,
2083 2728 2189 2804 qui
2249 2749 2454 2786 revera
2515 2727 2587 2785 de

343 2810 766 2873 monachorum
808 2815 947 2874 filiis
992 2817 1087 2875 vel
1117 2815 1313 2874 filiolis
1343 2817 1704 2876 mentionem
1735 2817 2002 2875 faciunt?
2049 2815 2217 2875 Ante
2249 2822 2588 2894 susceptum
2635 2858 2640 2861 -

344 2904 764 2962 monachorum
812 2912 1016 2964 votum
1062 2904 1177 2964 viri
1222 2906 1311 2963 illi
1353 2905 1507 2964 filios
1538 2911 1887 2982 genuerunt.
1949 2907 2118 2965 Haec
2146 2907 2312 3005 prior
2353 2911 2441 2963 est
2487 2925 2586 2962 ex-

316 2992 709 3082 tplanationis
754 2995 909 3052 ratio
958 3013 1143 3069 eaque
1200 2994 1496 3070 proxima,
1558 2996 1698 3069 quia
1761 3000 1994 3053 constat
2057 2993 2398 3070 saepissime
2444 2998 2588 3052 tunc

314 3077 629 3158 'temporis
688 3082 851 3141 viros
910 3088 1108 3141 aetate
1176 3083 1577 3160 provectiores
1639 3087 1744 3140 aut
1813 3082 2063 3140 mortuis
2135 3081 2420 3140 uxoribus
2482 3087 2588 3140 aut

347 3169 677 3247 composito
726 3189 857 3228 cum
888 3170 1007 3229 illis
1040 3171 1279 3230 consilio
1311 3171 1732 3230 monachorum
1765 3171 2012 3247 collegio
2046 3170 2374 3228 accessisse.
2451 3170 2586 3228 Hac

240 3313 247 3318 ,
339 3258 782 3335 interpretandi
841 3261 1071 3318 ratione
1132 3261 1221 3318 uti
1284 3260 1427 3319 licet
1487 3261 1549 3318 in
1611 3260 1738 3318 vita
1797 3259 2086 3336 Adelphii
2152 3260 2187 3315 7
2251 3259 2434 3334 (Mab.
2496 3257 2586 3330 ΙΙ,

342 3365 481 3405 ann.
532 3348 677 3420 670,
724 3369 782 3424 Ρ.
816 3348 988 3424 603),
1035 3348 1142 3407 ubi
1186 3349 1331 3406 11000
1362 3351 1668 3425 leguntur:
1699 3346 1938 3428 factum
1983 3356 2082 3420 est,
2129 3355 2192 3406 ut
2233 3344 2298 3406 in
2329 3345 2424 3406 die
2465 3343 2586 3416 illo,

337 3447 458 3516 quo
486 3427 775 3515 festivitas
823 3433 1030 3496 Sancti
1055 3432 1267 3496 Amal-i
1309 3433 1606 3517 ayebatur,
1633 3434 1862 3537 filiolus
1904 3435 2090 3516 ipsius
2135 3444 2368 3494 sanetus
2399 3429 2583 3494 Adel-

310 3519 521 3602 ‘'phius
562 3523 626 3583 in
671 3524 874 3584 eadem
921 3509 1162 3584 basilica
1207 3522 1556 3605 sepeliretur.
1619 3526 1720 3586 Nil
1769 3525 1922 3583 enim
1955 3524 2222 3603 impedit,
2272 3525 2586 3602 quominus

346 3631 635 3690 ponamus
695 3611 1063 3691 Adelphium
1110 3613 1180 3690 (†
1230 3615 1382 3690 670)
1428 3624 1635 3673 natum
1711 3625 1860 3688 esse,
1921 3614 2269 3692 priusquam
2330 3613 2587 3672 Amatus

346 3702 765 3761 monachorum
798 3703 986 3761 vitam
1018 3703 1477 3780 amplecteretur
1509 3704 1669 3779 (0110.
1706 3704 1878 3779 591),
1910 3723 2048 3762 nam
2079 3701 2405 3776 Ebrardus,
2453 3721 2586 3761 cum

340 3789 711 3868 Adelphium
757 3811 913 3850 anno
964 3794 1091 3850 620
1138 3797 1345 3850 natum
1382 3803 1521 3850 esse
1569 3813 1644 3850 ex
1673 3792 1816 3850 -vita
1847 3791 2134 3868 Adelphii
2182 3813 2228 3850 c.
2265 3793 2303 3848 4
2353 3790 2583 3848 efficere

338 3885 610 3952 conatur,
658 3873 743 3938 nil
790 3881 951 3939 aliud
998 3879 1430 3940 demonstravit
1474 3881 1592 3939 nisi
1639 3901 1700 3938 se
1747 3881 1942 3958 ipsum
1999 3882 2220 3952 locum,
2283 3899 2402 3956 quo
2446 3895 2586 3936 usus

341 3974 455 4040 -est,
502 3975 777 4028 accurate
826 3990 943 4027 non
990 3970 1219 4046 legisse.
1234 3969 1259 4004 ‘²
1350 3967 1469 4027 Sed
1513 3970 1670 4027 haud
1721 3970 1840 4026 scio
1897 3988 1974 4026 an
2019 3968 2171 4026 illud
2195 3963 2429 4049 filiolus
2473 3966 2586 4026 hoc

493 4123 723 4177 1Η11110
770 4141 994 4178 versum
1042 4124 1151 4177 nisi
1198 4124 1321 4192 ipse
1368 4122 1718 4193 Loeningius
1767 4122 2061 4176 videretur
2121 4121 2584 4190 praetermisisse,

338 4193 418 4247 ad
456 4195 576 4263 ejus
612 4194 791 4248 verba
828 4195 1011 4266 (Π,Ρ
1016 4193 1198 4264 .428)
1237 4193 1512 4247 lectorem
1551 4195 1918 4264 delegassem.

488 4267 512 4298 ‘²
552 4265 764 4318 Narrat
820 4212 1011 4320 enimp
1028 4266 1129 4320 vit.
1186 4262 1438 4332 Adelph.
1486 4265 1520 4318 4
1576 4263 1726 4318 Mab.
1779 4264 1871 4330 ΙΙ,
1929 4281 1984 4332 Ρ.
2047 4264 2150 4318 603
2215 4223 2583 4330 Α1101Ρ1110111,

330 4337 361 4405 j
380 4353 478 4388 am
528 4353 781 4401 senem,
830 4336 1151 4392 Luxovium
1197 4337 1546 4404 pervenisse,
1601 4341 1664 4389 ut
1711 4335 1916 4388 fratres
1953 4334 2236 4399 visitaret,
2289 4338 2346 4386 et
2391 4339 2586 4389 sancto
