<?xml version="1.0" encoding="UTF-8"?>
<!DOCTYPE html PUBLIC "-//W3C//DTD XHTML 1.0 Transitional//EN"
    "http://www.w3.org/TR/xhtml1/DTD/xhtml1-transitional.dtd">
<html xmlns="http://www.w3.org/1999/xhtml" xml:lang="en" lang="en">
 <head>
  <title>
</title>
<meta http-equiv="Content-Type" content="text/html;charset=utf-8" />
  <meta name='ocr-system' content='tesseract 3.04.00' />
  <meta name='ocr-capabilities' content='ocr_page ocr_carea ocr_par ocr_line ocrx_word'/>
</head>
<body>
  <div class='ocr_page' id='page_1' title='image "./antiquaebritonu01loofgoog_0076.png"; bbox 0 0 3167 4900; ppageno 0'>
   <div class='ocr_carea' id='block_1_1' title="bbox 1514 226 1952 286">
    <p class='ocr_par' dir='ltr' id='par_1_1' title="bbox 1514 226 1952 286">
     <span class='ocr_line' id='line_1_1' title="bbox 1514 226 1952 286; baseline -0.014 -9"><span class='ocrx_word' id='word_1_1' title='bbox 1514 226 1952 286; x_wconf 54' lang='lat'><strong>*68—</strong></span> 
     </span>
    </p>
   </div>
   <div class='ocr_carea' id='block_1_2' title="bbox 564 396 2874 2163">
    <p class='ocr_par' dir='ltr' id='par_1_2' title="bbox 607 396 2874 1898">
     <span class='ocr_line' id='line_1_2' title="bbox 620 396 2874 483; baseline -0.001 -16"><span class='ocrx_word' id='word_1_2' title='bbox 620 408 855 467; x_wconf 87' lang='lat' dir='ltr'><strong>dictum-</strong></span> <span class='ocrx_word' id='word_1_3' title='bbox 886 440 975 453; x_wconf 86' lang='lat'><strong>--</strong></span> <span class='ocrx_word' id='word_1_4' title='bbox 1022 407 1198 464; x_wconf 89' lang='lat' dir='ltr'><strong>unius</strong></span> <span class='ocrx_word' id='word_1_5' title='bbox 1222 402 1571 464; x_wconf 64' lang='lat' dir='ltr'><strong>&#39;Columbae</strong></span> <span class='ocrx_word' id='word_1_6' title='bbox 1616 404 2036 477; x_wconf 80' lang='lat' dir='ltr'><strong>Luxoviensis‚</strong></span> <span class='ocrx_word' id='word_1_7' title='bbox 2097 398 2266 481; x_wconf 79' lang='lat' dir='ltr'><strong>cujus</strong></span> <span class='ocrx_word' id='word_1_8' title='bbox 2327 396 2570 483; x_wconf 70' lang='lat' dir='ltr'><strong>scripta</strong></span> <span class='ocrx_word' id='word_1_9' title='bbox 2599 406 2874 465; x_wconf 89' lang='lat' dir='ltr'><strong>omnium</strong></span> 
     </span>
     <span class='ocr_line' id='line_1_3' title="bbox 614 493 2870 572; baseline -0.001 -16"><span class='ocrx_word' id='word_1_10' title='bbox 614 494 927 556; x_wconf 72' lang='lat' dir='ltr'><strong>Scotorum</strong></span> <span class='ocrx_word' id='word_1_11' title='bbox 974 494 1237 572; x_wconf 81' lang='lat' dir='ltr'><strong>exceptis</strong></span> <span class='ocrx_word' id='word_1_12' title='bbox 1281 494 1535 553; x_wconf 80' lang='lat' dir='ltr'><strong>Patricii</strong></span> <span class='ocrx_word' id='word_1_13' title='bbox 1580 494 1994 570; x_wconf 84' lang='lat' dir='ltr'><strong>antiquissima</strong></span> <span class='ocrx_word' id='word_1_14' title='bbox 2029 500 2204 567; x_wconf 71' lang='lat' dir='ltr'><strong>sunt,</strong></span> <span class='ocrx_word' id='word_1_15' title='bbox 2257 493 2336 551; x_wconf 88' lang='lat' dir='ltr'><strong>de</strong></span> <span class='ocrx_word' id='word_1_16' title='bbox 2381 494 2508 553; x_wconf 86' lang='lat' dir='ltr'><strong>vita</strong></span> <span class='ocrx_word' id='word_1_17' title='bbox 2555 495 2870 555; x_wconf 79' lang='lat' dir='ltr'><strong>eremitica</strong></span> 
     </span>
     <span class='ocr_line' id='line_1_4' title="bbox 612 582 2872 661; baseline -0.001 -17"><span class='ocrx_word' id='word_1_18' title='bbox 612 586 775 644; x_wconf 81' lang='lat' dir='ltr'><strong>dicta</strong></span> <span class='ocrx_word' id='word_1_19' title='bbox 785 626 801 657; x_wconf 85' lang='lat'>‚</span> <span class='ocrx_word' id='word_1_20' title='bbox 866 602 1017 661; x_wconf 87' lang='lat' dir='ltr'><strong>quae</strong></span> <span class='ocrx_word' id='word_1_21' title='bbox 1062 584 1219 641; x_wconf 82' lang='lat' dir='ltr'><strong>infra</strong></span> <span class='ocrx_word' id='word_1_22' title='bbox 1265 584 1904 654; x_wconf 82' lang='lat' dir='ltr'><strong>commemorabuntur,</strong></span> <span class='ocrx_word' id='word_1_23' title='bbox 1964 582 2178 641; x_wconf 83' lang='lat' dir='ltr'><strong>idonea</strong></span> <span class='ocrx_word' id='word_1_24' title='bbox 2237 588 2402 655; x_wconf 87' lang='lat' dir='ltr'><strong>sunt,</strong></span> <span class='ocrx_word' id='word_1_25' title='bbox 2451 602 2606 659; x_wconf 86' lang='lat' dir='ltr'><strong>quae</strong></span> <span class='ocrx_word' id='word_1_26' title='bbox 2653 583 2872 643; x_wconf 76' lang='lat' dir='ltr'><strong>Skenii</strong></span> 
     </span>
     <span class='ocr_line' id='line_1_5' title="bbox 616 668 2868 752; baseline 0 -21"><span class='ocrx_word' id='word_1_27' title='bbox 616 672 955 752; x_wconf 82' lang='lat' dir='ltr'>opinionem</span> <span class='ocrx_word' id='word_1_28' title='bbox 993 672 1254 731; x_wconf 77' lang='lat' dir='ltr'><strong>diluant.</strong></span> <span class='ocrx_word' id='word_1_29' title='bbox 1330 668 1626 747; x_wconf 76' lang='lat' dir='ltr'><strong>Equidem</strong></span> <span class='ocrx_word' id='word_1_30' title='bbox 1673 670 1836 729; x_wconf 85' lang='lat' dir='ltr'><strong>aliud</strong></span> <span class='ocrx_word' id='word_1_31' title='bbox 1872 671 2052 729; x_wconf 81' lang='lat' dir='ltr'><strong>fuisse</strong></span> <span class='ocrx_word' id='word_1_32' title='bbox 2082 676 2312 729; x_wconf 86' lang='lat' dir='ltr'><strong>sextum</strong></span> <span class='ocrx_word' id='word_1_33' title='bbox 2345 670 2510 729; x_wconf 88' lang='lat' dir='ltr'><strong>aliud</strong></span> <span class='ocrx_word' id='word_1_34' title='bbox 2539 672 2868 749; x_wconf 85' lang='lat' dir='ltr'><strong>septimum</strong></span> 
     </span>
     <span class='ocr_line' id='line_1_6' title="bbox 615 758 2868 837; baseline -0.001 -16"><span class='ocrx_word' id='word_1_35' title='bbox 615 761 892 821; x_wconf 84' lang='lat' dir='ltr'><strong>ecclesiae</strong></span> <span class='ocrx_word' id='word_1_36' title='bbox 933 760 1248 820; x_wconf 78' lang='lat' dir='ltr'>Scotorum</span> <span class='ocrx_word' id='word_1_37' title='bbox 1294 760 1591 818; x_wconf 86' lang='lat' dir='ltr'><strong>saeculum</strong></span> <span class='ocrx_word' id='word_1_38' title='bbox 1635 758 1952 817; x_wconf 76' lang='lat' dir='ltr'><strong>concedere</strong></span> <span class='ocrx_word' id='word_1_39' title='bbox 1998 778 2116 817; x_wconf 89' lang='lat' dir='ltr'><strong>non</strong></span> <span class='ocrx_word' id='word_1_40' title='bbox 2162 778 2420 837; x_wconf 82' lang='lat' dir='ltr'><strong>possum,</strong></span> <span class='ocrx_word' id='word_1_41' title='bbox 2467 766 2630 819; x_wconf 87' lang='lat' dir='ltr'><strong>certe</strong></span> <span class='ocrx_word' id='word_1_42' title='bbox 2675 762 2868 819; x_wconf 88' lang='lat' dir='ltr'><strong>eccle-</strong></span> 
     </span>
     <span class='ocr_line' id='line_1_7' title="bbox 616 848 2871 921; baseline -0.001 -12"><span class='ocrx_word' id='word_1_43' title='bbox 616 849 891 909; x_wconf 86' lang='lat' dir='ltr'><strong>siasticae</strong></span> <span class='ocrx_word' id='word_1_44' title='bbox 922 848 1236 908; x_wconf 79' lang='lat' dir='ltr'><strong>Scotorum</strong></span> <span class='ocrx_word' id='word_1_45' title='bbox 1281 848 1566 908; x_wconf 88' lang='lat' dir='ltr'><strong>historiae</strong></span> <span class='ocrx_word' id='word_1_46' title='bbox 1609 849 1806 906; x_wconf 83' lang='lat' dir='ltr'><strong>fontes</strong></span> <span class='ocrx_word' id='word_1_47' title='bbox 1851 848 2000 907; x_wconf 78' lang='lat' dir='ltr'><strong>tales</strong></span> <span class='ocrx_word' id='word_1_48' title='bbox 2027 868 2165 905; x_wconf 82' lang='lat' dir='ltr'><strong>-non</strong></span> <span class='ocrx_word' id='word_1_49' title='bbox 2209 854 2364 921; x_wconf 88' lang='lat' dir='ltr'><strong>sunt,</strong></span> <span class='ocrx_word' id='word_1_50' title='bbox 2411 856 2481 907; x_wconf 92' lang='lat' dir='ltr'><strong>ut</strong></span> <span class='ocrx_word' id='word_1_51' title='bbox 2527 868 2636 907; x_wconf 87' lang='lat' dir='ltr'><strong>nos</strong></span> <span class='ocrx_word' id='word_1_52' title='bbox 2667 849 2871 907; x_wconf 72' lang='lat' dir='ltr'><strong>adhue</strong></span> 
     </span>
     <span class='ocr_line' id='line_1_8' title="bbox 617 929 2872 1015; baseline 0 -18"><span class='ocrx_word' id='word_1_53' title='bbox 617 940 793 997; x_wconf 88' lang='lat' dir='ltr'><strong>hodie</strong></span> <span class='ocrx_word' id='word_1_54' title='bbox 853 938 972 995; x_wconf 88' lang='lat' dir='ltr'><strong>duo</strong></span> <span class='ocrx_word' id='word_1_55' title='bbox 1030 936 1137 995; x_wconf 85' lang='lat' dir='ltr'><strong>illa</strong></span> <span class='ocrx_word' id='word_1_56' title='bbox 1195 936 1433 995; x_wconf 85' lang='lat' dir='ltr'><strong>saecula</strong></span> <span class='ocrx_word' id='word_1_57' title='bbox 1484 936 1820 995; x_wconf 84' lang='lat' dir='ltr'><strong>discernere</strong></span> <span class='ocrx_word' id='word_1_58' title='bbox 1873 936 2180 1012; x_wconf 86' lang='lat' dir='ltr'><strong>possimus.</strong></span> <span class='ocrx_word' id='word_1_59' title='bbox 2271 937 2436 1012; x_wconf 83' lang='lat' dir='ltr'><strong>Ergo</strong></span> <span class='ocrx_word' id='word_1_60' title='bbox 2483 936 2556 995; x_wconf 90' lang='lat' dir='ltr'><strong>de</strong></span> <span class='ocrx_word' id='word_1_61' title='bbox 2603 929 2872 1015; x_wconf 81' lang='lat' dir='ltr'><strong>utroque</strong></span> 
     </span>
     <span class='ocr_line' id='line_1_9' title="bbox 615 1023 2868 1101; baseline -0 -15"><span class='ocrx_word' id='word_1_62' title='bbox 615 1028 847 1087; x_wconf 88' lang='lat' dir='ltr'><strong>saeculo</strong></span> <span class='ocrx_word' id='word_1_63' title='bbox 908 1025 1115 1084; x_wconf 85' lang='lat' dir='ltr'><strong>iisdem</strong></span> <span class='ocrx_word' id='word_1_64' title='bbox 1148 1023 1375 1084; x_wconf 79' lang='lat' dir='ltr'><strong>&#39;verbis</strong></span> <span class='ocrx_word' id='word_1_65' title='bbox 1435 1024 1749 1083; x_wconf 83' lang='lat' dir='ltr'><strong>dicendum</strong></span> <span class='ocrx_word' id='word_1_66' title='bbox 1809 1030 1902 1083; x_wconf 87' lang='lat' dir='ltr'><strong>est</strong></span> <span class='ocrx_word' id='word_1_67' title='bbox 1957 1044 2150 1101; x_wconf 86' lang='lat' dir='ltr'><strong>neque</strong></span> <span class='ocrx_word' id='word_1_68' title='bbox 2196 1044 2352 1101; x_wconf 84' lang='lat' dir='ltr'><strong>opus</strong></span> <span class='ocrx_word' id='word_1_69' title='bbox 2403 1032 2496 1084; x_wconf 89' lang='lat' dir='ltr'><strong>est</strong></span> <span class='ocrx_word' id='word_1_70' title='bbox 2553 1046 2868 1101; x_wconf 81' lang='lat' dir='ltr'><strong>quaerere,</strong></span> 
     </span>
     <span class='ocr_line' id='line_1_10' title="bbox 615 1110 2870 1174; baseline 0 -1"><span class='ocrx_word' id='word_1_71' title='bbox 615 1123 817 1174; x_wconf 87' lang='lat' dir='ltr'><strong>utrum</strong></span> <span class='ocrx_word' id='word_1_72' title='bbox 846 1112 1237 1173; x_wconf 86' lang='lat' dir='ltr'><strong>Adamnanus</strong></span> <span class='ocrx_word' id='word_1_73' title='bbox 1284 1110 1666 1173; x_wconf 77' lang='lat' dir='ltr'><strong>eremitarum</strong></span> <span class='ocrx_word' id='word_1_74' title='bbox 1709 1112 2072 1172; x_wconf 82' lang='lat' dir='ltr'><strong>mentionem</strong></span> <span class='ocrx_word' id='word_1_75' title='bbox 2115 1113 2340 1173; x_wconf 82' lang='lat' dir='ltr'><strong>faciens</strong></span> <span class='ocrx_word' id='word_1_76' title='bbox 2378 1132 2586 1173; x_wconf 81' lang='lat' dir='ltr'><strong>revera</strong></span> <span class='ocrx_word' id='word_1_77' title='bbox 2627 1115 2870 1173; x_wconf 88' lang='lat' dir='ltr'><strong>locutus</strong></span> 
     </span>
     <span class='ocr_line' id='line_1_11' title="bbox 612 1200 2866 1278; baseline -0 -16"><span class='ocrx_word' id='word_1_78' title='bbox 612 1202 693 1263; x_wconf 80' lang='lat' dir='ltr'><strong>sit</strong></span> <span class='ocrx_word' id='word_1_79' title='bbox 736 1204 811 1262; x_wconf 87' lang='lat' dir='ltr'><strong>de</strong></span> <span class='ocrx_word' id='word_1_80' title='bbox 866 1208 1063 1262; x_wconf 87' lang='lat' dir='ltr'><strong>aetate</strong></span> <span class='ocrx_word' id='word_1_81' title='bbox 1108 1202 1431 1262; x_wconf 77' lang='lat' dir='ltr'><strong>Columbae</strong></span> <span class='ocrx_word' id='word_1_82' title='bbox 1476 1222 1555 1261; x_wconf 83' lang='lat' dir='ltr'><strong>an</strong></span> <span class='ocrx_word' id='word_1_83' title='bbox 1601 1201 1674 1259; x_wconf 85' lang='lat' dir='ltr'><strong>de</strong></span> <span class='ocrx_word' id='word_1_84' title='bbox 1721 1220 1830 1259; x_wconf 85' lang='lat' dir='ltr'><strong>sua</strong></span> <span class='ocrx_word' id='word_1_85' title='bbox 1873 1200 2078 1278; x_wconf 85' lang='lat' dir='ltr'><strong>ipsius.</strong></span> <span class='ocrx_word' id='word_1_86' title='bbox 2168 1200 2330 1260; x_wconf 86' lang='lat' dir='ltr'><strong>Satis</strong></span> <span class='ocrx_word' id='word_1_87' title='bbox 2375 1201 2662 1261; x_wconf 85' lang='lat' dir='ltr'><strong>habemus</strong></span> <span class='ocrx_word' id='word_1_88' title='bbox 2709 1203 2866 1261; x_wconf 84' lang='lat' dir='ltr'><strong>scire</strong></span> 
     </span>
     <span class='ocr_line' id='line_1_12' title="bbox 612 1288 2863 1369; baseline -0.001 -18"><span class='ocrx_word' id='word_1_89' title='bbox 612 1293 793 1351; x_wconf 86' lang='lat' dir='ltr'><strong>fuisse</strong></span> <span class='ocrx_word' id='word_1_90' title='bbox 852 1292 1009 1369; x_wconf 86' lang='lat' dir='ltr'><strong>apud</strong></span> <span class='ocrx_word' id='word_1_91' title='bbox 1066 1289 1276 1350; x_wconf 80' lang='lat' dir='ltr'><strong>Scotos</strong></span> <span class='ocrx_word' id='word_1_92' title='bbox 1336 1290 1496 1349; x_wconf 85' lang='lat' dir='ltr'><strong>intra</strong></span> <span class='ocrx_word' id='word_1_93' title='bbox 1540 1288 1637 1349; x_wconf 88' lang='lat' dir='ltr'><strong>VI</strong></span> <span class='ocrx_word' id='word_1_94' title='bbox 1693 1296 1758 1348; x_wconf 89' lang='lat' dir='ltr'><strong>et</strong></span> <span class='ocrx_word' id='word_1_95' title='bbox 1800 1288 1964 1348; x_wconf 78' lang='lat' dir='ltr'><strong>VIII</strong></span> <span class='ocrx_word' id='word_1_96' title='bbox 2027 1290 2323 1349; x_wconf 85' lang='lat' dir='ltr'><strong>saeculum</strong></span> <span class='ocrx_word' id='word_1_97' title='bbox 2380 1290 2690 1363; x_wconf 82' lang='lat' dir='ltr'><strong>eremitas,</strong></span> <span class='ocrx_word' id='word_1_98' title='bbox 2753 1291 2863 1367; x_wconf 87' lang='lat' dir='ltr'><strong>qui</strong></span> 
     </span>
     <span class='ocr_line' id='line_1_13' title="bbox 610 1376 2862 1455; baseline -0.001 -16"><span class='ocrx_word' id='word_1_99' title='bbox 610 1380 827 1439; x_wconf 81' lang='lat' dir='ltr'><strong>remoti</strong></span> <span class='ocrx_word' id='word_1_100' title='bbox 884 1382 961 1439; x_wconf 89' lang='lat' dir='ltr'><strong>ab</strong></span> <span class='ocrx_word' id='word_1_101' title='bbox 1014 1376 1317 1437; x_wconf 84' lang='lat' dir='ltr'><strong>hominum</strong></span> <span class='ocrx_word' id='word_1_102' title='bbox 1370 1378 1686 1437; x_wconf 80' lang='lat' dir='ltr'><strong>domiciliis</strong></span> <span class='ocrx_word' id='word_1_103' title='bbox 1739 1379 1916 1455; x_wconf 87' lang='lat' dir='ltr'><strong>plane</strong></span> <span class='ocrx_word' id='word_1_104' title='bbox 1971 1380 2322 1437; x_wconf 81' lang='lat' dir='ltr'><strong>solitariam·</strong></span> <span class='ocrx_word' id='word_1_105' title='bbox 2351 1378 2540 1439; x_wconf 80' lang='lat' dir='ltr'><strong>vitam</strong></span> <span class='ocrx_word' id='word_1_106' title='bbox 2596 1379 2862 1455; x_wconf 76' lang='lat' dir='ltr'>agebant</span> 
     </span>
     <span class='ocr_line' id='line_1_14' title="bbox 612 1466 2865 1545; baseline -0.001 -17"><span class='ocrx_word' id='word_1_107' title='bbox 612 1468 897 1545; x_wconf 86' lang='lat' dir='ltr'><strong>(Adamn.</strong></span> <span class='ocrx_word' id='word_1_108' title='bbox 952 1468 1059 1527; x_wconf 87' lang='lat' dir='ltr'><strong>vit.</strong></span> <span class='ocrx_word' id='word_1_109' title='bbox 1108 1466 1233 1527; x_wconf 85' lang='lat' dir='ltr'><strong>Col.</strong></span> <span class='ocrx_word' id='word_1_110' title='bbox 1289 1468 1341 1538; x_wconf 81' lang='lat'><strong>1,</strong></span> <span class='ocrx_word' id='word_1_111' title='bbox 1390 1468 1493 1539; x_wconf 83' lang='lat'><strong>39,</strong></span> <span class='ocrx_word' id='word_1_112' title='bbox 1552 1488 1612 1545; x_wconf 88' lang='lat' dir='ltr'><strong>p.</strong></span> <span class='ocrx_word' id='word_1_113' title='bbox 1661 1468 1824 1539; x_wconf 76' lang='lat'>2113</span> <span class='ocrx_word' id='word_1_114' title='bbox 1883 1467 1942 1540; x_wconf 92' lang='grc'><strong>3,</strong></span> <span class='ocrx_word' id='word_1_115' title='bbox 1993 1469 2136 1539; x_wconf 89' lang='grc'><strong>102,</strong></span> <span class='ocrx_word' id='word_1_116' title='bbox 2189 1488 2248 1545; x_wconf 87' lang='lat' dir='ltr'><strong>p.</strong></span> <span class='ocrx_word' id='word_1_117' title='bbox 2298 1468 2473 1543; x_wconf 83' lang='grc'>235).</span> <span class='ocrx_word' id='word_1_118' title='bbox 2567 1466 2688 1526; x_wconf 86' lang='lat' dir='ltr'><strong>Sed</strong></span> <span class='ocrx_word' id='word_1_119' title='bbox 2747 1468 2865 1527; x_wconf 85' lang='lat' dir='ltr'><strong>hoc</strong></span> 
     </span>
     <span class='ocr_line' id='line_1_15' title="bbox 615 1554 2860 1633; baseline 0 -18"><span class='ocrx_word' id='word_1_120' title='bbox 615 1556 855 1615; x_wconf 89' lang='lat' dir='ltr'><strong>minime</strong></span> <span class='ocrx_word' id='word_1_121' title='bbox 900 1555 1207 1633; x_wconf 84' lang='lat' dir='ltr'><strong>proprium</strong></span> <span class='ocrx_word' id='word_1_122' title='bbox 1252 1562 1385 1614; x_wconf 86' lang='lat' dir='ltr'><strong>erat</strong></span> <span class='ocrx_word' id='word_1_123' title='bbox 1414 1554 1743 1628; x_wconf 72' lang='lat' dir='ltr'><strong>Scotorum,</strong></span> <span class='ocrx_word' id='word_1_124' title='bbox 1788 1554 1980 1631; x_wconf 83' lang='lat' dir='ltr'><strong>neque</strong></span> <span class='ocrx_word' id='word_1_125' title='bbox 2025 1556 2580 1616; x_wconf 76' lang='lat' dir='ltr'><strong>commemoratione</strong></span> <span class='ocrx_word' id='word_1_126' title='bbox 2609 1556 2860 1633; x_wconf 83' lang='lat' dir='ltr'><strong>dignum</strong></span> 
     </span>
     <span class='ocr_line' id='line_1_16' title="bbox 607 1642 2861 1721; baseline 0 -18"><span class='ocrx_word' id='word_1_127' title='bbox 607 1651 791 1718; x_wconf 80' lang='lat' dir='ltr'><strong>esset,</strong></span> <span class='ocrx_word' id='word_1_128' title='bbox 832 1642 953 1703; x_wconf 65' lang='lat' dir='ltr'><strong>&#39;nisi</strong></span> <span class='ocrx_word' id='word_1_129' title='bbox 998 1645 1073 1702; x_wconf 90' lang='lat' dir='ltr'><strong>ab</strong></span> <span class='ocrx_word' id='word_1_130' title='bbox 1120 1644 1213 1703; x_wconf 87' lang='lat' dir='ltr'><strong>his</strong></span> <span class='ocrx_word' id='word_1_131' title='bbox 1260 1643 1523 1702; x_wconf 85' lang='lat' dir='ltr'><strong>eremitis</strong></span> <span class='ocrx_word' id='word_1_132' title='bbox 1568 1645 1665 1702; x_wconf 85' lang='lat' dir='ltr'><strong>vel</strong></span> <span class='ocrx_word' id='word_1_133' title='bbox 1713 1664 1786 1702; x_wconf 83' lang='lat' dir='ltr'><strong>ex</strong></span> <span class='ocrx_word' id='word_1_134' title='bbox 1815 1642 2060 1716; x_wconf 78' lang='grc' dir='ltr'><strong>6οά6111,</strong></span> <span class='ocrx_word' id='word_1_135' title='bbox 2111 1662 2228 1721; x_wconf 88' lang='lat' dir='ltr'><strong>quo</strong></span> <span class='ocrx_word' id='word_1_136' title='bbox 2271 1645 2556 1703; x_wconf 75' lang='lat' dir='ltr'><strong>erem-itae</strong></span> <span class='ocrx_word' id='word_1_137' title='bbox 2603 1663 2861 1703; x_wconf 88' lang='lat' dir='ltr'><strong>commo·</strong></span> 
     </span>
     <span class='ocr_line' id='line_1_17' title="bbox 611 1730 2864 1809; baseline -0 -17"><span class='ocrx_word' id='word_1_138' title='bbox 611 1733 931 1805; x_wconf 85' lang='lat' dir='ltr'><strong>vehantur,</strong></span> <span class='ocrx_word' id='word_1_139' title='bbox 991 1732 1408 1793; x_wconf 84' lang='lat' dir='ltr'><strong>monachorum</strong></span> <span class='ocrx_word' id='word_1_140' title='bbox 1467 1730 1702 1791; x_wconf 83' lang='lat' dir='ltr'><strong>fervore</strong></span> <span class='ocrx_word' id='word_1_141' title='bbox 1761 1733 2100 1809; x_wconf 81' lang='lat' dir='ltr'><strong>profectum</strong></span> <span class='ocrx_word' id='word_1_142' title='bbox 2153 1740 2308 1793; x_wconf 88' lang='lat' dir='ltr'><strong>esset</strong></span> <span class='ocrx_word' id='word_1_143' title='bbox 2359 1732 2608 1793; x_wconf 87' lang='lat' dir='ltr'><strong>tertium</strong></span> <span class='ocrx_word' id='word_1_144' title='bbox 2653 1753 2864 1792; x_wconf 80' lang='lat' dir='ltr'><strong>mona-</strong></span> 
     </span>
     <span class='ocr_line' id='line_1_18' title="bbox 612 1821 1788 1898; baseline -0.002 -18"><span class='ocrx_word' id='word_1_145' title='bbox 612 1823 855 1881; x_wconf 86' lang='lat' dir='ltr'><strong>chorum</strong></span> <span class='ocrx_word' id='word_1_146' title='bbox 900 1840 1085 1898; x_wconf 80' lang='lat' dir='ltr'><strong>genus</strong></span> <span class='ocrx_word' id='word_1_147' title='bbox 1132 1856 1219 1867; x_wconf 88' lang='lat'><strong>--</strong></span> <span class='ocrx_word' id='word_1_148' title='bbox 1260 1821 1788 1898; x_wconf 74' lang='lat' dir='ltr'><strong>peregrinantium.</strong></span> 
     </span>
    </p>

    <p class='ocr_par' dir='ltr' id='par_1_3' title="bbox 564 1910 2866 2163">
     <span class='ocr_line' id='line_1_19' title="bbox 730 1910 2866 1988; baseline 0 -19"><span class='ocrx_word' id='word_1_149' title='bbox 730 1910 735 1916; x_wconf 84' lang='grc'><strong>’</strong></span> <span class='ocrx_word' id='word_1_150' title='bbox 790 1911 925 1969; x_wconf 87' lang='lat' dir='ltr'><strong>Hoc</strong></span> <span class='ocrx_word' id='word_1_151' title='bbox 957 1910 1267 1969; x_wconf 81' lang='lat' dir='ltr'><strong>Scotorum</strong></span> <span class='ocrx_word' id='word_1_152' title='bbox 1312 1910 1619 1986; x_wconf 87' lang='lat' dir='ltr'><strong>proprium</strong></span> <span class='ocrx_word' id='word_1_153' title='bbox 1652 1916 1796 1982; x_wconf 87' lang='lat' dir='ltr'><strong>erat,</strong></span> <span class='ocrx_word' id='word_1_154' title='bbox 1842 1914 2052 1987; x_wconf 86' lang='lat' dir='ltr'><strong>utpote</strong></span> <span class='ocrx_word' id='word_1_155' title='bbox 2084 1916 2278 1969; x_wconf 85' lang='lat' dir='ltr'><strong>ortum</strong></span> <span class='ocrx_word' id='word_1_156' title='bbox 2309 1930 2382 1969; x_wconf 84' lang='lat' dir='ltr'><strong>ex</strong></span> <span class='ocrx_word' id='word_1_157' title='bbox 2411 1912 2543 1988; x_wconf 83' lang='lat' dir='ltr'><strong>ipso</strong></span> <span class='ocrx_word' id='word_1_158' title='bbox 2575 1912 2866 1971; x_wconf 84' lang='lat' dir='ltr'><strong>ecclesiae</strong></span> 
     </span>
     <span class='ocr_line' id='line_1_20' title="bbox 564 1998 2866 2076; baseline 0 -18"><span class='ocrx_word' id='word_1_159' title='bbox 564 2014 566 2016; x_wconf 79' lang='grc'><strong>’</strong></span> <span class='ocrx_word' id='word_1_160' title='bbox 611 2000 995 2058; x_wconf 85' lang='lat' dir='ltr'><strong>Hibernieae-</strong></span> <span class='ocrx_word' id='word_1_161' title='bbox 1022 2004 1201 2057; x_wconf 85' lang='lat' dir='ltr'><strong>statu.</strong></span> <span class='ocrx_word' id='word_1_162' title='bbox 1276 1998 1431 2057; x_wconf 82' lang='lat' dir='ltr'><strong>Nam</strong></span> <span class='ocrx_word' id='word_1_163' title='bbox 1472 2018 1605 2056; x_wconf 88' lang='lat' dir='ltr'><strong>cum</strong></span> <span class='ocrx_word' id='word_1_164' title='bbox 1635 1998 1698 2057; x_wconf 89' lang='lat' dir='ltr'><strong>in</strong></span> <span class='ocrx_word' id='word_1_165' title='bbox 1731 1998 1864 2055; x_wconf 85' lang='lat' dir='ltr'><strong>aliis</strong></span> <span class='ocrx_word' id='word_1_166' title='bbox 1895 1998 2174 2057; x_wconf 85' lang='lat' dir='ltr'><strong>ecclesiae</strong></span> <span class='ocrx_word' id='word_1_167' title='bbox 2205 1998 2493 2076; x_wconf 86' lang='lat' dir='ltr'><strong>partibus,</strong></span> <span class='ocrx_word' id='word_1_168' title='bbox 2541 2000 2604 2057; x_wconf 88' lang='lat' dir='ltr'><strong>in</strong></span> <span class='ocrx_word' id='word_1_169' title='bbox 2637 1999 2866 2076; x_wconf 87' lang='lat' dir='ltr'><strong>quibus</strong></span> 
     </span>
     <span class='ocr_line' id='line_1_21' title="bbox 611 2086 2863 2163; baseline 0.001 -18"><span class='ocrx_word' id='word_1_170' title='bbox 611 2088 984 2146; x_wconf 87' lang='lat' dir='ltr'><strong>monasteriis</strong></span> <span class='ocrx_word' id='word_1_171' title='bbox 1028 2088 1193 2145; x_wconf 87' lang='lat' dir='ltr'><strong>nulla</strong></span> <span class='ocrx_word' id='word_1_172' title='bbox 1239 2106 1371 2146; x_wconf 90' lang='lat' dir='ltr'><strong>cum</strong></span> <span class='ocrx_word' id='word_1_173' title='bbox 1388 2127 1396 2133; x_wconf 88' lang='lat'>-</span> <span class='ocrx_word' id='word_1_174' title='bbox 1416 2086 1762 2163; x_wconf 80' lang='lat' dir='ltr'><strong>regionibus</strong></span> <span class='ocrx_word' id='word_1_175' title='bbox 1807 2086 1928 2144; x_wconf 82' lang='lat' dir='ltr'><strong>suis</strong></span> <span class='ocrx_word' id='word_1_176' title='bbox 1973 2086 2344 2145; x_wconf 77' lang='lat' dir='ltr'><strong>necessitudo</strong></span> <span class='ocrx_word' id='word_1_177' title='bbox 2386 2093 2533 2159; x_wconf 82' lang='lat' dir='ltr'><strong>erat,</strong></span> <span class='ocrx_word' id='word_1_178' title='bbox 2581 2089 2863 2147; x_wconf 80' lang='lat' dir='ltr'><strong>monachi</strong></span> 
     </span>
    </p>
   </div>
   <div class='ocr_carea' id='block_1_3' title="bbox 479 2174 2866 2256">
    <p class='ocr_par' dir='ltr' id='par_1_4' title="bbox 479 2174 2866 2256">
     <span class='ocr_line' id='line_1_22' title="bbox 479 2174 2866 2256; baseline 0.001 -23"><span class='ocrx_word' id='word_1_179' title='bbox 479 2182 488 2193; x_wconf 83' lang='grc'><em>“</em></span> <span class='ocrx_word' id='word_1_180' title='bbox 608 2182 925 2253; x_wconf 82' lang='lat' dir='ltr'><strong>postquam</strong></span> <span class='ocrx_word' id='word_1_181' title='bbox 984 2174 1237 2252; x_wconf 81' lang='lat' dir='ltr'><strong>collegio</strong></span> <span class='ocrx_word' id='word_1_182' title='bbox 1297 2175 1718 2233; x_wconf 88' lang='lat' dir='ltr'><strong>monachorum</strong></span> <span class='ocrx_word' id='word_1_183' title='bbox 1779 2180 2176 2247; x_wconf 85' lang='lat' dir='ltr'><strong>accesserunt,</strong></span> <span class='ocrx_word' id='word_1_184' title='bbox 2240 2174 2522 2233; x_wconf 87' lang='lat' dir='ltr'><strong>mundum</strong></span> <span class='ocrx_word' id='word_1_185' title='bbox 2579 2175 2866 2256; x_wconf 81' lang='lat' dir='ltr'><strong>effugisse</strong></span> 
     </span>
    </p>
   </div>
   <div class='ocr_carea' id='block_1_4' title="bbox 607 2261 2868 2785">
    <p class='ocr_par' dir='ltr' id='par_1_5' title="bbox 607 2261 2868 2785">
     <span class='ocr_line' id='line_1_23' title="bbox 608 2261 2864 2341; baseline 0.001 -18"><span class='ocrx_word' id='word_1_186' title='bbox 608 2264 727 2323; x_wconf 86' lang='lat' dir='ltr'><strong>sibi</strong></span> <span class='ocrx_word' id='word_1_187' title='bbox 770 2264 1133 2336; x_wconf 80' lang='lat' dir='ltr'><strong>viderentur,</strong></span> <span class='ocrx_word' id='word_1_188' title='bbox 1178 2264 1339 2341; x_wconf 85' lang='lat' dir='ltr'><strong>apud</strong></span> <span class='ocrx_word' id='word_1_189' title='bbox 1384 2262 1594 2323; x_wconf 83' lang='lat' dir='ltr'><strong>Scotos</strong></span> <span class='ocrx_word' id='word_1_190' title='bbox 1641 2282 1844 2322; x_wconf 87' lang='lat' dir='ltr'><strong>omnes</strong></span> <span class='ocrx_word' id='word_1_191' title='bbox 1888 2262 1950 2335; x_wconf 85' lang='lat' dir='ltr'><strong>ii,</strong></span> <span class='ocrx_word' id='word_1_192' title='bbox 1997 2264 2100 2339; x_wconf 88' lang='lat' dir='ltr'><strong>qui</strong></span> <span class='ocrx_word' id='word_1_193' title='bbox 2143 2261 2518 2323; x_wconf 53' lang='lat' dir='ltr'><strong>attaminatos</strong></span> <span class='ocrx_word' id='word_1_194' title='bbox 2561 2282 2602 2321; x_wconf 82' lang='lat' dir='ltr'><strong>a</strong></span> <span class='ocrx_word' id='word_1_195' title='bbox 2631 2264 2864 2325; x_wconf 75' lang='lat' dir='ltr'><strong>mundo</strong></span> 
     </span>
     <span class='ocr_line' id='line_1_24' title="bbox 608 2350 2867 2431; baseline 0 -20"><span class='ocrx_word' id='word_1_196' title='bbox 608 2370 668 2411; x_wconf 74' lang='lat' dir='ltr'><strong>se</strong></span> <span class='ocrx_word' id='word_1_197' title='bbox 712 2350 1013 2411; x_wconf 46' lang='lat' dir='ltr'><strong>custodzbe.</strong></span> <span class='ocrx_word' id='word_1_198' title='bbox 1044 2351 1382 2429; x_wconf 86' lang='lat' dir='ltr'><strong>cupiebant,</strong></span> <span class='ocrx_word' id='word_1_199' title='bbox 1428 2352 1491 2409; x_wconf 88' lang='lat' dir='ltr'><strong>in</strong></span> <span class='ocrx_word' id='word_1_200' title='bbox 1536 2352 1612 2410; x_wconf 86' lang='lat' dir='ltr'><strong>iis</strong></span> <span class='ocrx_word' id='word_1_201' title='bbox 1657 2351 2050 2424; x_wconf 81' lang='lat' dir='ltr'><strong>monasteriis,</strong></span> <span class='ocrx_word' id='word_1_202' title='bbox 2097 2370 2252 2428; x_wconf 88' lang='lat' dir='ltr'><strong>quae</strong></span> <span class='ocrx_word' id='word_1_203' title='bbox 2297 2350 2490 2411; x_wconf 89' lang='lat' dir='ltr'><strong>medio</strong></span> <span class='ocrx_word' id='word_1_204' title='bbox 2537 2352 2604 2410; x_wconf 91' lang='lat' dir='ltr'><strong>in</strong></span> <span class='ocrx_word' id='word_1_205' title='bbox 2633 2354 2867 2431; x_wconf 85' lang='lat' dir='ltr'><strong>populo</strong></span> 
     </span>
     <span class='ocr_line' id='line_1_25' title="bbox 607 2438 2861 2519; baseline 0 -19"><span class='ocrx_word' id='word_1_206' title='bbox 607 2440 851 2500; x_wconf 83' lang='lat' dir='ltr'><strong>condita</strong></span> <span class='ocrx_word' id='word_1_207' title='bbox 896 2446 1083 2514; x_wconf 86' lang='lat' dir='ltr'><strong>erant,</strong></span> <span class='ocrx_word' id='word_1_208' title='bbox 1130 2441 1257 2502; x_wconf 87' lang='lat' dir='ltr'><strong>voti</strong></span> <span class='ocrx_word' id='word_1_209' title='bbox 1286 2441 1379 2500; x_wconf 89' lang='lat' dir='ltr'><strong>sui</strong></span> <span class='ocrx_word' id='word_1_210' title='bbox 1410 2438 1711 2519; x_wconf 84' lang='lat' dir='ltr'><strong>compotes</strong></span> <span class='ocrx_word' id='word_1_211' title='bbox 1739 2440 1870 2501; x_wconf 90' lang='lat' dir='ltr'><strong>fieri</strong></span> <span class='ocrx_word' id='word_1_212' title='bbox 1901 2460 2020 2499; x_wconf 87' lang='lat' dir='ltr'><strong>non</strong></span> <span class='ocrx_word' id='word_1_213' title='bbox 2050 2446 2346 2517; x_wconf 88' lang='lat' dir='ltr'><strong>poterant.</strong></span> <span class='ocrx_word' id='word_1_214' title='bbox 2423 2440 2598 2502; x_wconf 85' lang='lat' dir='ltr'><strong>Unde</strong></span> <span class='ocrx_word' id='word_1_215' title='bbox 2629 2443 2861 2502; x_wconf 86' lang='lat' dir='ltr'><strong>factum</strong></span> 
     </span>
     <span class='ocr_line' id='line_1_26' title="bbox 610 2529 2863 2608; baseline 0 -18"><span class='ocrx_word' id='word_1_216' title='bbox 610 2529 717 2604; x_wconf 85' lang='lat' dir='ltr'><strong>est,</strong></span> <span class='ocrx_word' id='word_1_217' title='bbox 762 2537 832 2590; x_wconf 93' lang='lat' dir='ltr'><strong>ut</strong></span> <span class='ocrx_word' id='word_1_218' title='bbox 877 2532 1171 2608; x_wconf 89' lang='lat' dir='ltr'><strong>permulta</strong></span> <span class='ocrx_word' id='word_1_219' title='bbox 1217 2531 1575 2590; x_wconf 82' lang='lat' dir='ltr'><strong>monasteria</strong></span> <span class='ocrx_word' id='word_1_220' title='bbox 1616 2531 2126 2590; x_wconf 78' lang='lat' dir='ltr'><strong>constituerentur</strong></span> <span class='ocrx_word' id='word_1_221' title='bbox 2167 2529 2231 2588; x_wconf 89' lang='lat' dir='ltr'><strong>in</strong></span> <span class='ocrx_word' id='word_1_222' title='bbox 2277 2531 2486 2589; x_wconf 75' lang='lat' dir='ltr'><strong>insulis</strong></span> <span class='ocrx_word' id='word_1_223' title='bbox 2525 2534 2704 2606; x_wconf 81' lang='lat' dir='ltr'><strong>juxta</strong></span> <span class='ocrx_word' id='word_1_224' title='bbox 2743 2531 2863 2590; x_wconf 90' lang='lat' dir='ltr'><strong>Hi-</strong></span> 
     </span>
     <span class='ocr_line' id='line_1_27' title="bbox 610 2617 2862 2698; baseline 0 -21"><span class='ocrx_word' id='word_1_225' title='bbox 610 2620 851 2678; x_wconf 87' lang='lat' dir='ltr'><strong>berniae</strong></span> <span class='ocrx_word' id='word_1_226' title='bbox 894 2639 1060 2677; x_wconf 86' lang='lat' dir='ltr'><strong>oram</strong></span> <span class='ocrx_word' id='word_1_227' title='bbox 1106 2617 1239 2677; x_wconf 84' lang='lat' dir='ltr'><strong>sitis</strong></span> <span class='ocrx_word' id='word_1_228' title='bbox 1285 2619 1505 2693; x_wconf 85' lang='lat' dir='ltr'><strong>(Skene</strong></span> <span class='ocrx_word' id='word_1_229' title='bbox 1551 2619 1640 2692; x_wconf 89' lang='grc' dir='ltr'>ΙΙ,</span> <span class='ocrx_word' id='word_1_230' title='bbox 1683 2637 1744 2698; x_wconf 86' lang='lat' dir='ltr'><strong>p.</strong></span> <span class='ocrx_word' id='word_1_231' title='bbox 1795 2621 1876 2677; x_wconf 87' lang='grc'>62</span> <span class='ocrx_word' id='word_1_232' title='bbox 1925 2621 2057 2695; x_wconf 82' lang='lat' dir='ltr'><strong>sq.).</strong></span> <span class='ocrx_word' id='word_1_233' title='bbox 2133 2617 2263 2678; x_wconf 90' lang='lat' dir='ltr'><strong>Alii</strong></span> <span class='ocrx_word' id='word_1_234' title='bbox 2309 2619 2548 2677; x_wconf 90' lang='lat' dir='ltr'><strong>omnino</strong></span> <span class='ocrx_word' id='word_1_235' title='bbox 2594 2619 2862 2696; x_wconf 85' lang='lat' dir='ltr'><strong>patriam</strong></span> 
     </span>
     <span class='ocr_line' id='line_1_28' title="bbox 608 2707 2868 2785; baseline 0.001 -21"><span class='ocrx_word' id='word_1_236' title='bbox 608 2709 947 2765; x_wconf 77' lang='lat' dir='ltr'><strong>deserentes</strong></span> <span class='ocrx_word' id='word_1_237' title='bbox 990 2707 1197 2783; x_wconf 80' lang='lat' dir='ltr'><strong>paucis</strong></span> <span class='ocrx_word' id='word_1_238' title='bbox 1242 2726 1375 2764; x_wconf 86' lang='lat' dir='ltr'><strong>cum</strong></span> <span class='ocrx_word' id='word_1_239' title='bbox 1421 2707 1596 2766; x_wconf 88' lang='lat' dir='ltr'><strong>sociis</strong></span> <span class='ocrx_word' id='word_1_240' title='bbox 1641 2708 1704 2766; x_wconf 90' lang='lat' dir='ltr'><strong>in</strong></span> <span class='ocrx_word' id='word_1_241' title='bbox 1723 2709 1950 2766; x_wconf 78' lang='lat' dir='ltr'><strong>‘insulis</strong></span> <span class='ocrx_word' id='word_1_242' title='bbox 1987 2710 2214 2782; x_wconf 84' lang='lat' dir='ltr'><strong>majore</strong></span> <span class='ocrx_word' id='word_1_243' title='bbox 2245 2707 2560 2766; x_wconf 85' lang='lat' dir='ltr'><strong>intervallo</strong></span> <span class='ocrx_word' id='word_1_244' title='bbox 2591 2727 2627 2765; x_wconf 84' lang='lat' dir='ltr'><strong>a</strong></span> <span class='ocrx_word' id='word_1_245' title='bbox 2658 2709 2868 2785; x_wconf 80' lang='lat' dir='ltr'><strong>patria.</strong></span> 
     </span>
    </p>
   </div>
   <div class='ocr_carea' id='block_1_5' title="bbox 608 2794 2866 2961">
    <p class='ocr_par' dir='ltr' id='par_1_6' title="bbox 608 2794 2862 2961">
     <span class='ocr_line' id='line_1_29' title="bbox 608 2794 2862 2872; baseline 0.002 -20"><span class='ocrx_word' id='word_1_246' title='bbox 608 2795 853 2852; x_wconf 84' lang='lat' dir='ltr'><strong>remotis</strong></span> <span class='ocrx_word' id='word_1_247' title='bbox 923 2795 1017 2852; x_wconf 88' lang='lat' dir='ltr'><strong>vel</strong></span> <span class='ocrx_word' id='word_1_248' title='bbox 1085 2795 1148 2852; x_wconf 90' lang='lat' dir='ltr'><strong>in</strong></span> <span class='ocrx_word' id='word_1_249' title='bbox 1215 2794 1345 2872; x_wconf 88' lang='lat' dir='ltr'><strong>ipso</strong></span> <span class='ocrx_word' id='word_1_250' title='bbox 1414 2795 1608 2852; x_wconf 86' lang='lat' dir='ltr'><strong>medio</strong></span> <span class='ocrx_word' id='word_1_251' title='bbox 1670 2795 1906 2854; x_wconf 86' lang='lat' dir='ltr'><strong>Oceano</strong></span> <span class='ocrx_word' id='word_1_252' title='bbox 1975 2795 2149 2854; x_wconf 86' lang='lat' dir='ltr'><strong>cellas</strong></span> <span class='ocrx_word' id='word_1_253' title='bbox 2215 2795 2332 2854; x_wconf 88' lang='lat' dir='ltr'><strong>sibi</strong></span> <span class='ocrx_word' id='word_1_254' title='bbox 2371 2801 2862 2858; x_wconf 76' lang='lat' dir='ltr'><strong>&#39;construxerunt</strong></span> 
     </span>
     <span class='ocr_line' id='line_1_30' title="bbox 608 2881 2866 2961; baseline 0 -20"><span class='ocrx_word' id='word_1_255' title='bbox 608 2881 893 2958; x_wconf 85' lang='lat' dir='ltr'><strong>(Adamn.</strong></span> <span class='ocrx_word' id='word_1_256' title='bbox 939 2882 1045 2941; x_wconf 87' lang='lat' dir='ltr'><strong>vit.</strong></span> <span class='ocrx_word' id='word_1_257' title='bbox 1094 2881 1219 2940; x_wconf 91' lang='lat' dir='ltr'><strong>Col.</strong></span> <span class='ocrx_word' id='word_1_258' title='bbox 1256 2885 1310 2954; x_wconf 83' lang='lat'><strong>1,</strong></span> <span class='ocrx_word' id='word_1_259' title='bbox 1361 2882 1417 2954; x_wconf 86' lang='lat'><strong>5,</strong></span> <span class='ocrx_word' id='word_1_260' title='bbox 1463 2885 1712 2960; x_wconf 88' lang='grc' dir='ltr'>Ρ.2ΟΟ;</span> <span class='ocrx_word' id='word_1_261' title='bbox 1768 2885 1864 2957; x_wconf 88' lang='grc'><strong>10,</strong></span> <span class='ocrx_word' id='word_1_262' title='bbox 1909 2905 1966 2961; x_wconf 93' lang='lat' dir='ltr'><strong>p.</strong></span> <span class='ocrx_word' id='word_1_263' title='bbox 2003 2885 2148 2956; x_wconf 90' lang='grc'>202,</span> <span class='ocrx_word' id='word_1_264' title='bbox 2197 2885 2268 2941; x_wconf 84' lang='lat' dir='ltr'><strong>cf.</strong></span> <span class='ocrx_word' id='word_1_265' title='bbox 2315 2882 2404 2956; x_wconf 92' lang='grc' dir='ltr'><strong>ΙΙ,</strong></span> <span class='ocrx_word' id='word_1_266' title='bbox 2453 2885 2554 2956; x_wconf 87' lang='grc'>76,</span> <span class='ocrx_word' id='word_1_267' title='bbox 2603 2905 2660 2961; x_wconf 91' lang='lat' dir='ltr'><strong>p.</strong></span> <span class='ocrx_word' id='word_1_268' title='bbox 2697 2885 2866 2957; x_wconf 70' lang='lat'><strong>2243</strong></span> 
     </span>
    </p>
   </div>
   <div class='ocr_carea' id='block_1_6' title="bbox 604 2925 2866 3579">
    <p class='ocr_par' dir='ltr' id='par_1_7' title="bbox 604 2925 2866 3579">
     <span class='ocr_line' id='line_1_31' title="bbox 615 2925 2860 3072; baseline 0.002 -45"><span class='ocrx_word' id='word_1_269' title='bbox 615 2974 668 3043; x_wconf 89' lang='lat'><strong>1,</strong></span> <span class='ocrx_word' id='word_1_270' title='bbox 722 2972 819 3064; x_wconf 90' lang='grc'><strong>19,</strong></span> <span class='ocrx_word' id='word_1_271' title='bbox 864 2991 923 3072; x_wconf 92' lang='lat' dir='ltr'><strong>p.</strong></span> <span class='ocrx_word' id='word_1_272' title='bbox 958 2969 1086 3029; x_wconf 87' lang='grc'>204</span> <span class='ocrx_word' id='word_1_273' title='bbox 1134 2977 1211 3030; x_wconf 90' lang='lat' dir='ltr'><strong>et.</strong></span> <span class='ocrx_word' id='word_1_274' title='bbox 1257 2925 1446 3047; x_wconf 77' lang='lat' dir='ltr'><strong>aiibi),</strong></span> <span class='ocrx_word' id='word_1_275' title='bbox 1492 2971 1596 3034; x_wconf 84' lang='lat' dir='ltr'><strong>alii</strong></span> <span class='ocrx_word' id='word_1_276' title='bbox 1641 2974 1737 3032; x_wconf 81' lang='lat' dir='ltr'><strong>vel</strong></span> <span class='ocrx_word' id='word_1_277' title='bbox 1783 2973 1896 3032; x_wconf 89' lang='lat' dir='ltr'><strong>soli</strong></span> <span class='ocrx_word' id='word_1_278' title='bbox 1943 2971 2226 3048; x_wconf 88' lang='lat' dir='ltr'><strong>(Adamn.</strong></span> <span class='ocrx_word' id='word_1_279' title='bbox 2267 2974 2412 3046; x_wconf 56' lang='grc' dir='ltr'><strong>1β3,</strong></span> <span class='ocrx_word' id='word_1_280' title='bbox 2457 2994 2518 3050; x_wconf 94' lang='lat' dir='ltr'><strong>p.</strong></span> <span class='ocrx_word' id='word_1_281' title='bbox 2557 2973 2711 3049; x_wconf 89' lang='grc'><strong>197)</strong></span> <span class='ocrx_word' id='word_1_282' title='bbox 2755 2975 2860 3033; x_wconf 82' lang='lat' dir='ltr'><strong>&#39;vel</strong></span> 
     </span>
     <span class='ocr_line' id='line_1_32' title="bbox 606 3056 2866 3137; baseline 0.002 -19"><span class='ocrx_word' id='word_1_283' title='bbox 606 3077 741 3118; x_wconf 86' lang='lat' dir='ltr'><strong>cum</strong></span> <span class='ocrx_word' id='word_1_284' title='bbox 782 3057 975 3118; x_wconf 78' lang='lat' dir='ltr'><strong>sociis</strong></span> <span class='ocrx_word' id='word_1_285' title='bbox 1028 3056 1097 3119; x_wconf 86' lang='lat' dir='ltr'><strong>ut</strong></span> <span class='ocrx_word' id='word_1_286' title='bbox 1142 3065 1393 3136; x_wconf 86' lang='lat' dir='ltr'><strong>uterque</strong></span> <span class='ocrx_word' id='word_1_287' title='bbox 1441 3059 1730 3120; x_wconf 86' lang='lat' dir='ltr'><strong>Columba</strong></span> <span class='ocrx_word' id='word_1_288' title='bbox 1779 3061 2219 3137; x_wconf 79' lang='lat' dir='ltr'><strong>emigraverunt</strong></span> <span class='ocrx_word' id='word_1_289' title='bbox 2262 3060 2326 3118; x_wconf 88' lang='lat' dir='ltr'><strong>in</strong></span> <span class='ocrx_word' id='word_1_290' title='bbox 2373 3061 2596 3123; x_wconf 85' lang='lat' dir='ltr'><strong>alienas</strong></span> <span class='ocrx_word' id='word_1_291' title='bbox 2642 3067 2866 3122; x_wconf 86' lang='lat' dir='ltr'><strong>terras</strong></span> 
     </span>
     <span class='ocr_line' id='line_1_33' title="bbox 610 3147 2858 3230; baseline 0.001 -24"><span class='ocrx_word' id='word_1_292' title='bbox 610 3148 813 3222; x_wconf 84' lang='lat' dir='ltr'><strong>Tales,</strong></span> <span class='ocrx_word' id='word_1_293' title='bbox 875 3149 982 3226; x_wconf 84' lang='lat' dir='ltr'><strong>qui</strong></span> <span class='ocrx_word' id='word_1_294' title='bbox 1026 3149 1236 3210; x_wconf 88' lang='lat' dir='ltr'><strong>relicta</strong></span> <span class='ocrx_word' id='word_1_295' title='bbox 1281 3147 1479 3226; x_wconf 83' lang='lat' dir='ltr'><strong>patria</strong></span> <span class='ocrx_word' id='word_1_296' title='bbox 1509 3147 2069 3230; x_wconf 60' lang='lat' dir='ltr'><strong>pereyoinabanmr,</strong></span> <span class='ocrx_word' id='word_1_297' title='bbox 2126 3168 2276 3226; x_wconf 88' lang='lat' dir='ltr'><strong>opus</strong></span> <span class='ocrx_word' id='word_1_298' title='bbox 2323 3156 2384 3209; x_wconf 90' lang='lat' dir='ltr'><strong>et</strong></span> <span class='ocrx_word' id='word_1_299' title='bbox 2429 3148 2670 3208; x_wconf 84' lang='lat' dir='ltr'><strong>Christo</strong></span> <span class='ocrx_word' id='word_1_300' title='bbox 2718 3169 2858 3226; x_wconf 83' lang='lat' dir='ltr'><strong>gra-</strong></span> 
     </span>
     <span class='ocr_line' id='line_1_34' title="bbox 608 3231 2866 3318; baseline 0.001 -22"><span class='ocrx_word' id='word_1_301' title='bbox 608 3238 904 3296; x_wconf 79' lang='lat' dir='ltr'><strong>tissimum</strong></span> <span class='ocrx_word' id='word_1_302' title='bbox 937 3245 997 3294; x_wconf 90' lang='lat' dir='ltr'><strong>et</strong></span> <span class='ocrx_word' id='word_1_303' title='bbox 1028 3237 1175 3315; x_wconf 87' lang='lat' dir='ltr'><strong>ipsis</strong></span> <span class='ocrx_word' id='word_1_304' title='bbox 1205 3238 1574 3297; x_wconf 87' lang='lat' dir='ltr'><strong>salutiferum</strong></span> <span class='ocrx_word' id='word_1_305' title='bbox 1609 3239 1860 3298; x_wconf 83' lang='lat' dir='ltr'><strong>edidisse</strong></span> <span class='ocrx_word' id='word_1_306' title='bbox 1890 3239 2276 3316; x_wconf 86' lang='lat' dir='ltr'><strong>putabantur,</strong></span> <span class='ocrx_word' id='word_1_307' title='bbox 2309 3257 2445 3296; x_wconf 89' lang='lat' dir='ltr'><strong>nam</strong></span> <span class='ocrx_word' id='word_1_308' title='bbox 2464 3257 2588 3318; x_wconf 77' lang='lat' dir='ltr'><strong>pro</strong></span> <span class='ocrx_word' id='word_1_309' title='bbox 2625 3231 2866 3298; x_wconf 60' lang='lat' dir='ltr'><strong>Clavi-sto</strong></span> 
     </span>
     <span class='ocr_line' id='line_1_35' title="bbox 608 3322 2850 3404; baseline 0 -20"><span class='ocrx_word' id='word_1_310' title='bbox 608 3326 1144 3402; x_wconf 78' lang='lat' dir='ltr'><strong>peregrinabantur</strong></span> <span class='ocrx_word' id='word_1_311' title='bbox 1191 3322 1474 3400; x_wconf 82' lang='lat' dir='ltr'><strong>(Adamn.</strong></span> <span class='ocrx_word' id='word_1_312' title='bbox 1513 3328 1566 3400; x_wconf 89' lang='grc'><strong>1,</strong></span> <span class='ocrx_word' id='word_1_313' title='bbox 1603 3328 1660 3399; x_wconf 87' lang='grc'><strong>3,</strong></span> <span class='ocrx_word' id='word_1_314' title='bbox 1707 3347 1778 3404; x_wconf 88' lang='grc' dir='ltr'>Ρ.-</span> <span class='ocrx_word' id='word_1_315' title='bbox 1804 3329 1945 3400; x_wconf 90' lang='grc'><strong>197,</strong></span> <span class='ocrx_word' id='word_1_316' title='bbox 1991 3328 2064 3386; x_wconf 87' lang='lat' dir='ltr'><strong>cf.</strong></span> <span class='ocrx_word' id='word_1_317' title='bbox 2095 3327 2264 3384; x_wconf 83' lang='lat' dir='ltr'><strong>Beda</strong></span> <span class='ocrx_word' id='word_1_318' title='bbox 2293 3327 2349 3384; x_wconf 90' lang='lat' dir='ltr'><strong>h.</strong></span> <span class='ocrx_word' id='word_1_319' title='bbox 2383 3347 2432 3384; x_wconf 90' lang='grc'><strong>6.</strong></span> <span class='ocrx_word' id='word_1_320' title='bbox 2469 3327 2526 3400; x_wconf 93' lang='grc'><strong>3,</strong></span> <span class='ocrx_word' id='word_1_321' title='bbox 2561 3327 2602 3384; x_wconf 91' lang='lat'>4</span> <span class='ocrx_word' id='word_1_322' title='bbox 2652 3327 2688 3403; x_wconf 69' lang='grc' dir='ltr'>ἓ</span> <span class='ocrx_word' id='word_1_323' title='bbox 2729 3328 2850 3385; x_wconf 80' lang='lat'><strong>161</strong></span> 
     </span>
     <span class='ocr_line' id='line_1_36' title="bbox 608 3411 2859 3496; baseline 0 -24"><span class='ocrx_word' id='word_1_324' title='bbox 608 3421 670 3473; x_wconf 90' lang='lat' dir='ltr'><strong>et</strong></span> <span class='ocrx_word' id='word_1_325' title='bbox 705 3414 760 3486; x_wconf 89' lang='grc'><strong>5,</strong></span> <span class='ocrx_word' id='word_1_326' title='bbox 797 3415 831 3470; x_wconf 90' lang='grc'><strong>9</strong></span> <span class='ocrx_word' id='word_1_327' title='bbox 870 3414 904 3490; x_wconf 65' lang='grc' dir='ltr'>ξ</span> <span class='ocrx_word' id='word_1_328' title='bbox 942 3415 1095 3489; x_wconf 86' lang='grc'><strong>376)</strong></span> <span class='ocrx_word' id='word_1_329' title='bbox 1126 3416 1239 3474; x_wconf 80' lang='lat' dir='ltr'><strong>vel</strong></span> <span class='ocrx_word' id='word_1_330' title='bbox 1285 3411 1662 3475; x_wconf 70' lang='lat' dir='ltr'><strong>addelenda</strong></span> <span class='ocrx_word' id='word_1_331' title='bbox 1692 3414 2036 3496; x_wconf 74' lang='lat' dir='ltr'><strong>peccamina</strong></span> <span class='ocrx_word' id='word_1_332' title='bbox 2067 3413 2348 3490; x_wconf 87' lang='lat' dir='ltr'><strong>(Adamn</strong></span> <span class='ocrx_word' id='word_1_333' title='bbox 2384 3417 2440 3488; x_wconf 91' lang='grc'><strong>2,</strong></span> <span class='ocrx_word' id='word_1_334' title='bbox 2475 3417 2578 3487; x_wconf 87' lang='lat'><strong>70,</strong></span> <span class='ocrx_word' id='word_1_335' title='bbox 2611 3437 2669 3492; x_wconf 87' lang='lat' dir='ltr'><strong>p.</strong></span> <span class='ocrx_word' id='word_1_336' title='bbox 2703 3415 2859 3488; x_wconf 90' lang='grc'>222,</span> 
     </span>
     <span class='ocr_line' id='line_1_37' title="bbox 604 3503 2860 3579; baseline 0.001 -19"><span class='ocrx_word' id='word_1_337' title='bbox 604 3503 684 3560; x_wconf 86' lang='lat' dir='ltr'><strong>cf.</strong></span> <span class='ocrx_word' id='word_1_338' title='bbox 722 3505 782 3574; x_wconf 83' lang='grc'><strong>1,</strong></span> <span class='ocrx_word' id='word_1_339' title='bbox 811 3503 911 3574; x_wconf 88' lang='grc'><strong>21,</strong></span> <span class='ocrx_word' id='word_1_340' title='bbox 959 3521 1017 3579; x_wconf 90' lang='lat' dir='ltr'><strong>p.</strong></span> <span class='ocrx_word' id='word_1_341' title='bbox 1051 3503 1222 3578; x_wconf 79' lang='lat'><strong>205).</strong></span> <span class='ocrx_word' id='word_1_342' title='bbox 1298 3503 1392 3561; x_wconf 89' lang='lat' dir='ltr'><strong>De</strong></span> <span class='ocrx_word' id='word_1_343' title='bbox 1439 3523 1557 3578; x_wconf 88' lang='lat' dir='ltr'><strong>qua</strong></span> <span class='ocrx_word' id='word_1_344' title='bbox 1601 3523 1667 3561; x_wconf 88' lang='lat' dir='ltr'><strong>re</strong></span> <span class='ocrx_word' id='word_1_345' title='bbox 1711 3505 1938 3562; x_wconf 90' lang='lat' dir='ltr'><strong>nullum</strong></span> <span class='ocrx_word' id='word_1_346' title='bbox 1979 3509 2178 3562; x_wconf 84' lang='lat' dir='ltr'><strong>exstat</strong></span> <span class='ocrx_word' id='word_1_347' title='bbox 2206 3503 2416 3563; x_wconf 90' lang='lat' dir='ltr'><strong>melius</strong></span> <span class='ocrx_word' id='word_1_348' title='bbox 2444 3504 2860 3563; x_wconf 82' lang='lat' dir='ltr'><strong>testimonium</strong></span> 
     </span>
    </p>
   </div>
   <div class='ocr_carea' id='block_1_7' title="bbox 3154 0 3167 1977">
    <p class='ocr_par' dir='ltr' id='par_1_8' title="bbox 3154 0 3167 1977">
     <span class='ocr_line' id='line_1_38' title="bbox 3154 0 3167 1977; baseline 0 0"><span class='ocrx_word' id='word_1_349' title='bbox 3154 0 3167 1977; x_wconf 95' lang='lat' dir='ltr'><strong> </strong></span> 
     </span>
    </p>
   </div>
   <div class='ocr_carea' id='block_1_8' title="bbox 612 3590 2959 3671">
    <p class='ocr_par' dir='ltr' id='par_1_9' title="bbox 612 3590 2959 3671">
     <span class='ocr_line' id='line_1_39' title="bbox 612 3590 2959 3671; baseline 0.003 -24"><span class='ocrx_word' id='word_1_350' title='bbox 612 3610 790 3666; x_wconf 87' lang='lat' dir='ltr'><strong>quam</strong></span> <span class='ocrx_word' id='word_1_351' title='bbox 835 3590 1071 3649; x_wconf 90' lang='lat' dir='ltr'><strong>libellus</strong></span> <span class='ocrx_word' id='word_1_352' title='bbox 1117 3591 1217 3650; x_wconf 89' lang='lat' dir='ltr'><strong>ille</strong></span> <span class='ocrx_word' id='word_1_353' title='bbox 1262 3591 1336 3649; x_wconf 88' lang='lat' dir='ltr'><strong>de</strong></span> <span class='ocrx_word' id='word_1_354' title='bbox 1381 3591 1507 3651; x_wconf 87' lang='lat' dir='ltr'><strong>vita</strong></span> <span class='ocrx_word' id='word_1_355' title='bbox 1548 3591 1872 3651; x_wconf 83' lang='lat' dir='ltr'><strong>Columbae</strong></span> <span class='ocrx_word' id='word_1_356' title='bbox 1903 3591 2172 3652; x_wconf 88' lang='lat' dir='ltr'><strong>Hiiensis</strong></span> <span class='ocrx_word' id='word_1_357' title='bbox 2217 3591 2304 3651; x_wconf 85' lang='lat' dir='ltr'><strong>ita</strong></span> <span class='ocrx_word' id='word_1_358' title='bbox 2351 3593 2738 3671; x_wconf 88' lang='lat' dir='ltr'><strong>conscriptus,</strong></span> <span class='ocrx_word' id='word_1_359' title='bbox 2785 3599 2858 3654; x_wconf 89' lang='lat' dir='ltr'><strong>ut</strong></span> <span class='ocrx_word' id='word_1_360' title='bbox 2953 3594 2959 3598; x_wconf 70' lang='grc'><strong>“</strong></span> 
     </span>
    </p>
   </div>
   <div class='ocr_carea' id='block_1_9' title="bbox 603 3672 2862 4406">
    <p class='ocr_par' dir='ltr' id='par_1_10' title="bbox 604 3672 2862 4384">
     <span class='ocr_line' id='line_1_40' title="bbox 610 3672 2857 3757; baseline 0.001 -20"><span class='ocrx_word' id='word_1_361' title='bbox 610 3679 797 3737; x_wconf 79' lang='lat' dir='ltr'><strong>vitam</strong></span> <span class='ocrx_word' id='word_1_362' title='bbox 843 3679 1141 3737; x_wconf 87' lang='lat' dir='ltr'><strong>intexeret</strong></span> <span class='ocrx_word' id='word_1_363' title='bbox 1187 3679 1443 3738; x_wconf 86' lang='lat' dir='ltr'><strong>orationi</strong></span> <span class='ocrx_word' id='word_1_364' title='bbox 1488 3672 1708 3756; x_wconf 82' lang='lat' dir='ltr'><strong>partim</strong></span> <span class='ocrx_word' id='word_1_365' title='bbox 1749 3680 1936 3740; x_wconf 84' lang='lat' dir='ltr'><strong>latino</strong></span> <span class='ocrx_word' id='word_1_366' title='bbox 1969 3681 2189 3757; x_wconf 83' lang='lat' dir='ltr'><strong>partim</strong></span> <span class='ocrx_word' id='word_1_367' title='bbox 2220 3681 2548 3740; x_wconf 89' lang='lat' dir='ltr'><strong>Hibernico</strong></span> <span class='ocrx_word' id='word_1_368' title='bbox 2582 3700 2857 3740; x_wconf 83' lang='lat' dir='ltr'><strong>sermone</strong></span> 
     </span>
     <span class='ocr_line' id='line_1_41' title="bbox 610 3763 2859 3852; baseline 0.003 -28"><span class='ocrx_word' id='word_1_369' title='bbox 610 3767 683 3824; x_wconf 90' lang='lat' dir='ltr'><strong>de</strong></span> <span class='ocrx_word' id='word_1_370' title='bbox 716 3763 1067 3840; x_wconf 79' lang='lat' dir='ltr'><strong>Genes.12,</strong></span> <span class='ocrx_word' id='word_1_371' title='bbox 1107 3770 1138 3825; x_wconf 93' lang='grc'><strong>1</strong></span> <span class='ocrx_word' id='word_1_372' title='bbox 1188 3768 1429 3852; x_wconf 78' lang='lat' dir='ltr'><strong>habitae</strong></span> <span class='ocrx_word' id='word_1_373' title='bbox 1475 3770 1571 3844; x_wconf 89' lang='lat' dir='ltr'><strong>(cf.</strong></span> <span class='ocrx_word' id='word_1_374' title='bbox 1606 3789 1764 3846; x_wconf 85' lang='lat' dir='ltr'><strong>supr.</strong></span> <span class='ocrx_word' id='word_1_375' title='bbox 1796 3791 1854 3848; x_wconf 93' lang='grc' dir='ltr'><strong>Ρ.</strong></span> <span class='ocrx_word' id='word_1_376' title='bbox 1891 3769 2017 3844; x_wconf 89' lang='grc'>54).</span> <span class='ocrx_word' id='word_1_377' title='bbox 2094 3767 2231 3828; x_wconf 84' lang='lat' dir='ltr'><strong>Etsi</strong></span> <span class='ocrx_word' id='word_1_378' title='bbox 2277 3771 2432 3829; x_wconf 91' lang='lat' dir='ltr'><strong>enim</strong></span> <span class='ocrx_word' id='word_1_379' title='bbox 2479 3769 2859 3848; x_wconf 83' lang='lat' dir='ltr'><strong>temporibus</strong></span> 
     </span>
     <span class='ocr_line' id='line_1_42' title="bbox 610 3810 2856 3936; baseline 0.002 -22"><span class='ocrx_word' id='word_1_380' title='bbox 610 3843 807 3928; x_wconf 72' lang='lat' dir='ltr'><strong>aetate</strong></span> <span class='ocrx_word' id='word_1_381' title='bbox 834 3810 1156 3915; x_wconf 81' lang='lat' dir='ltr'><strong>Columbae</strong></span> <span class='ocrx_word' id='word_1_382' title='bbox 1188 3855 1362 3934; x_wconf 86' lang='lat' dir='ltr'><strong>longe</strong></span> <span class='ocrx_word' id='word_1_383' title='bbox 1385 3853 1818 3936; x_wconf 82' lang='lat' dir='ltr'><strong>posterioribus</strong></span> <span class='ocrx_word' id='word_1_384' title='bbox 1843 3857 2210 3936; x_wconf 83' lang='lat' dir='ltr'><strong>conscriptus</strong></span> <span class='ocrx_word' id='word_1_385' title='bbox 2235 3865 2341 3932; x_wconf 86' lang='lat' dir='ltr'><strong>est,</strong></span> <span class='ocrx_word' id='word_1_386' title='bbox 2373 3866 2576 3918; x_wconf 87' lang='lat' dir='ltr'><strong>tamen</strong></span> <span class='ocrx_word' id='word_1_387' title='bbox 2601 3859 2856 3930; x_wconf 81' lang='lat' dir='ltr'><strong>eandem</strong></span> 
     </span>
     <span class='ocr_line' id='line_1_43' title="bbox 606 3945 2856 4024; baseline 0.001 -21"><span class='ocrx_word' id='word_1_388' title='bbox 606 3945 681 4003; x_wconf 88' lang='lat' dir='ltr'><strong>de</strong></span> <span class='ocrx_word' id='word_1_389' title='bbox 740 3945 1171 4023; x_wconf 83' lang='lat' dir='ltr'><strong>peregrinando</strong></span> <span class='ocrx_word' id='word_1_390' title='bbox 1230 3947 1587 4006; x_wconf 75' lang='lat' dir='ltr'><strong>sententiam</strong></span> <span class='ocrx_word' id='word_1_391' title='bbox 1631 3946 1773 4004; x_wconf 89' lang='lat' dir='ltr'><strong>tulit</strong></span> <span class='ocrx_word' id='word_1_392' title='bbox 1817 3953 1996 4021; x_wconf 85' lang='lat' dir='ltr'><strong>atque</strong></span> <span class='ocrx_word' id='word_1_393' title='bbox 2040 3947 2294 4023; x_wconf 83' lang='lat' dir='ltr'><strong>priores,</strong></span> <span class='ocrx_word' id='word_1_394' title='bbox 2351 3947 2534 4024; x_wconf 89' lang='lat' dir='ltr'><strong>idque</strong></span> <span class='ocrx_word' id='word_1_395' title='bbox 2581 3947 2856 4006; x_wconf 86' lang='lat' dir='ltr'><strong>sermone</strong></span> 
     </span>
     <span class='ocr_line' id='line_1_44' title="bbox 604 4033 2760 4110; baseline 0.001 -18"><span class='ocrx_word' id='word_1_396' title='bbox 604 4040 730 4100; x_wconf 80' lang='lat' dir='ltr'><strong>tam</strong></span> <span class='ocrx_word' id='word_1_397' title='bbox 778 4033 1061 4093; x_wconf 87' lang='lat' dir='ltr'><strong>distincto</strong></span> <span class='ocrx_word' id='word_1_398' title='bbox 1111 4041 1171 4093; x_wconf 88' lang='lat' dir='ltr'><strong>et</strong></span> <span class='ocrx_word' id='word_1_399' title='bbox 1216 4035 1490 4107; x_wconf 85' lang='lat' dir='ltr'><strong>dilucide,</strong></span> <span class='ocrx_word' id='word_1_400' title='bbox 1536 4040 1608 4092; x_wconf 90' lang='lat' dir='ltr'><strong>ut</strong></span> <span class='ocrx_word' id='word_1_401' title='bbox 1651 4054 1842 4110; x_wconf 82' lang='lat' dir='ltr'><strong>pauca</strong></span> <span class='ocrx_word' id='word_1_402' title='bbox 1885 4035 2314 4094; x_wconf 86' lang='lat' dir='ltr'><strong>transscribere</strong></span> <span class='ocrx_word' id='word_1_403' title='bbox 2357 4036 2506 4094; x_wconf 86' lang='lat' dir='ltr'><strong>mihi</strong></span> <span class='ocrx_word' id='word_1_404' title='bbox 2549 4036 2760 4094; x_wconf 85' lang='lat' dir='ltr'><strong>liceat:</strong></span> 
     </span>
     <span class='ocr_line' id='line_1_45' title="bbox 794 4117 2862 4214; baseline 0.001 -34"><span class='ocrx_word' id='word_1_405' title='bbox 794 4117 977 4196; x_wconf 78' lang='lat' dir='ltr'><strong>Quod</strong></span> <span class='ocrx_word' id='word_1_406' title='bbox 1011 4129 1207 4182; x_wconf 70' lang='lat' dir='ltr'><strong>autem</strong></span> <span class='ocrx_word' id='word_1_407' title='bbox 1244 4121 1411 4202; x_wconf 73' lang='lat' dir='ltr'><strong>patri</strong></span> <span class='ocrx_word' id='word_1_408' title='bbox 1426 4119 1704 4204; x_wconf 77' lang='lat' dir='ltr'><strong>fidelium</strong></span> <span class='ocrx_word' id='word_1_409' title='bbox 1739 4121 2080 4214; x_wconf 64' lang='lat' dir='ltr'><strong>precipitur,</strong></span> <span class='ocrx_word' id='word_1_410' title='bbox 2127 4119 2233 4182; x_wconf 81' lang='grc' dir='ltr'><strong><em>Ῐιοσ</em></strong></span> <span class='ocrx_word' id='word_1_411' title='bbox 2263 4122 2527 4184; x_wconf 76' lang='lat' dir='ltr'><strong>omnibus</strong></span> <span class='ocrx_word' id='word_1_412' title='bbox 2545 4121 2699 4208; x_wconf 71' lang='lat' dir='ltr'><strong>filiis</strong></span> <span class='ocrx_word' id='word_1_413' title='bbox 2728 4119 2862 4206; x_wconf 71' lang='lat' dir='ltr'><strong>ejus</strong></span> 
     </span>
     <span class='ocr_line' id='line_1_46' title="bbox 603 4207 2856 4292; baseline 0.001 -23.007"><span class='ocrx_word' id='word_1_414' title='bbox 603 4207 973 4289; x_wconf 76' lang='lat' dir='ltr'><strong>implendum</strong></span> <span class='ocrx_word' id='word_1_415' title='bbox 1016 4207 1359 4292; x_wconf 74' lang='lat' dir='ltr'><strong>relinquitur</strong></span> <span class='ocrx_word' id='word_1_416' title='bbox 1406 4207 1626 4286; x_wconf 85' lang='lat' dir='ltr'><strong>(Skene</strong></span> <span class='ocrx_word' id='word_1_417' title='bbox 1672 4209 1760 4285; x_wconf 92' lang='grc' dir='ltr'>ΙΙ,</span> <span class='ocrx_word' id='word_1_418' title='bbox 1803 4233 1944 4290; x_wconf 83' lang='grc' dir='ltr'>6ΡΡ.</span> <span class='ocrx_word' id='word_1_419' title='bbox 1990 4235 2047 4292; x_wconf 90' lang='grc' dir='ltr'><strong>Ρ.</strong></span> <span class='ocrx_word' id='word_1_420' title='bbox 2096 4213 2298 4314; x_wconf 89' lang='lat'><strong>469).</strong></span> <span class='ocrx_word' id='word_1_421' title='bbox 2380 4211 2641 4274; x_wconf 60' lang='lat' dir='ltr'><strong>‚tribm</strong></span> <span class='ocrx_word' id='word_1_422' title='bbox 2635 4221 2856 4272; x_wconf 80' lang='lat' dir='ltr'><strong>autem</strong></span> 
     </span>
     <span class='ocr_line' id='line_1_47' title="bbox 608 4295 2859 4406; baseline 0.002 -49"><span class='ocrx_word' id='word_1_423' title='bbox 608 4298 797 4358; x_wconf 80' lang='lat' dir='ltr'><strong>modis</strong></span> <span class='ocrx_word' id='word_1_424' title='bbox 829 4297 1055 4406; x_wconf 67' lang='grc' dir='ltr'><em>Ραενέᾳ</em></span> <span class='ocrx_word' id='word_1_425' title='bbox 1086 4297 1369 4359; x_wconf 73' lang='lat' dir='ltr'><strong>deseritur</strong></span> <span class='ocrx_word' id='word_1_426' title='bbox 1409 4301 1489 4375; x_wconf 90' lang='grc' dir='ltr'>(Ρ.</span> <span class='ocrx_word' id='word_1_427' title='bbox 1524 4300 1726 4377; x_wconf 89' lang='grc'><strong>461).</strong></span> <span class='ocrx_word' id='word_1_428' title='bbox 1759 4295 2130 4382; x_wconf 79' lang='lat' dir='ltr'><strong>.aliquando</strong></span> <span class='ocrx_word' id='word_1_429' title='bbox 2167 4299 2320 4362; x_wconf 75' lang='lat' dir='ltr'><strong>enim</strong></span> <span class='ocrx_word' id='word_1_430' title='bbox 2355 4300 2564 4384; x_wconf 73' lang='lat' dir='ltr'><strong>patria</strong></span> <span class='ocrx_word' id='word_1_431' title='bbox 2607 4319 2859 4383; x_wconf 82' lang='lat' dir='ltr'><strong>corpore</strong></span> 
     </span>
    </p>
   </div>
  </div>
 </body>
</html>
