3167 4900
1205 265 1639 321 ..59-

309 441 462 502 enim
523 441 802 521 epistula,
863 446 1072 520 utpote
1133 441 1358 521 scripta
1411 462 1480 500 eo
1541 449 1833 520 tempore,
1898 463 2014 521 quo
2074 463 2205 502 cum
2250 444 2538 504 Hibernis

308 532 428 592 sedi
485 531 844 610 apostolicae
903 532 1020 590 fuit
1080 532 1491 590 commercium
1550 567 1635 576 -
1684 552 1819 590 nam
1880 538 2105 610 septem
2166 535 2337 593 annis
2398 539 2537 592 ante

308 621 491 698 legati
537 642 610 678 ex
655 621 950 679 Hib‘ernia
994 620 1247 679 Romam
1295 627 1582 680 venerant
1627 623 1744 698 (ep.
1778 621 2141 696 Cummeani‚
2174 623 2372 682 Usser.
2422 628 2537 682 vet.

308 731 395 787 ep.
455 710 575 768 hib.
624 711 752 786 syll.
808 731 866 787 p.
901 711 982 767 23
1038 745 1113 753 -
1166 710 1236 767 cf.
1286 708 1479 768 Skene
1525 710 1594 768 H
1640 731 1697 787 p.
1736 711 1889 786 161)
1938 745 2021 755 —
2068 712 2328 769 omnium
2388 731 2537 787 quae

308 805 542 858 exstant
589 799 661 857 de
706 798 816 856 hac
876 819 940 857 re
995 797 1470 856 testimoniorum
1525 799 1812 875 optimum
1876 805 1979 859 est.
2070 800 2277 876 Neque
2341 807 2539 859 tamen

306 889 542 960 bonum,
591 907 725 946 nam
773 894 849 961 et,
898 887 998 963 qui
1045 887 1270 945 fuerint
1300 887 1566 945 nonnulli
1601 907 1819 961 eorum,
1869 889 2083 965 quibus
2128 889 2418 966 inscripta
2449 897 2540 949 est

308 977 587 1055 epistula,
649 977 711 1034 in
773 978 1002 1035 occulto
1066 977 1240 1048 latet,
1305 982 1366 1035 et
1409 977 1559 1054 proh
1607 977 1795 1034 dolor!
1860 977 2133 1054 ambigue
2180 979 2403 1036 dictum
2450 983 2541 1036 est

307 1066 452 1124 illud
500 1065 800 1146 ceterisque
845 1063 1256 1124 doctoribus
1301 1083 1420 1124 seu
1463 1063 1839 1124 abbatibus
1870 1059 2091 1125 Scottis.
2157 1065 2338 1125 Certo
2385 1067 2537 1125 enim

309 1156 380 1213 ad
412 1155 604 1213 solum
635 1153 924 1213 Saranum
957 1154 1331 1212 referendum
1362 1174 1480 1212 non
1513 1161 1619 1227 est,
1669 1154 1772 1212 sed
1804 1161 2007 1212 utrum
2038 1154 2111 1212 de
2146 1155 2417 1214 omnibus
2462 1175 2540 1214 an

308 1245 378 1302 de
426 1244 566 1302 solis
609 1243 903 1302 Oromano
952 1243 1334 1319 Ernianoque
1397 1249 1457 1301 et
1517 1243 1901 1318 sequentibus
1948 1242 2171 1301 dictum
2218 1244 2323 1316 sit,
2372 1244 2538 1302 dubi-

309 1340 438 1392 tare
483 1333 639 1391 licet.
702 1330 805 1390 Ad
851 1352 1051 1390 omnes
1097 1332 1408 1390 referenda
1453 1353 1578 1391 esse
1624 1332 1728 1389 illa
1774 1333 1973 1404 verba,
2022 1353 2151 1390 mea
2198 1338 2288 1391 est
2320 1333 2539 1409 opinio,

307 1441 516 1499 neque,
565 1441 696 1480 cum
743 1421 1055 1498 permagni
1099 1421 1381 1480 momenti
1429 1421 1508 1480 sit
1553 1422 1697 1479 haec
1742 1441 1862 1494 res,
1908 1426 2155 1494 taceam,
2204 1421 2417 1498 quibus
2466 1421 2540 1479 ad

307 1512 458 1568 hanc
520 1509 858 1588 opinionem
918 1509 1206 1568 adductus
1268 1511 1378 1568 sim
1439 1509 1828 1586 argumentis:
1900 1509 1994 1568 Ac
2053 1511 2246 1588 primo
2306 1510 2541 1586 quidem

309 1599 467 1677 quod
513 1599 660 1677 ipsis
705 1598 901 1658 verbis
945 1599 1090 1656 haec
1143 1599 1561 1675 interpretatio
1618 1599 1827 1656 melius
1882 1599 2138 1674 quadrat
2200 1619 2376 1677 quam
2422 1599 2542 1672 illa,

310 1688 563 1748 secundo
612 1688 787 1763 quod,
835 1685 988 1746 sicut
1031 1688 1188 1746 infra
1235 1687 1578 1760 videbimus,
1612 1687 2235 1762 Nordenhymbrorum
2284 1688 2547 1766 episcopi

305 1778 484 1836 iidem
543 1796 744 1835 omnes
805 1777 1052 1835 abbates
1111 1777 1294 1835 fuisse
1353 1776 1657 1848 videntur,
1720 1776 1900 1835 tertio
1962 1777 2122 1852 quod
2167 1775 2544 1835 Ardmachae

309 1886 459 1944 quae
509 1865 800 1938 Tomiani,
847 1865 1132 1924 Olonardi
1180 1886 1346 1942 quae,
1392 1871 1462 1924 ut
1509 1865 1771 1938 videtur,
1821 1864 2173 1925 Columbani
2219 1865 2383 1924 sedes
2428 1866 2545 1924 fuit

309 1956 405 2033 (cf.
439 1953 769 2014 Stevenson
800 1955 860 2012 in
893 1955 1379 2013 annotationibus
1420 1955 1496 2012 ad
1526 1955 1728 2012 Bedae
1760 1955 1797 2012 1.
1832 1953 1945 2030 c.1)
1978 1954 2335 2012 monasteria
2365 1954 2545 2012 fuisse

309 2049 543 2103 constat
568 2043 665 2120 (cf.
700 2063 880 2120 supra
901 2043 982 2100 55
1012 2046 1141 2119 sq.),
1178 2050 1392 2119 quarto
1425 2043 1586 2119 quod
1616 2043 1677 2100 in
1694 2040 2039 2101 Adamnani
2062 2042 2189 2102 vita
2222 2042 2544 2101 Columbae

309 2135 392 2208 (1,
427 2133 512 2190 40
546 2153 603 2210 p.
640 2131 796 2212 212)
829 2132 1086 2190 occurrit
1118 2131 1397 2190 Conallus
1431 2132 1669 2209 quidam
1705 2130 2025 2211 episcopus,
2074 2152 2248 2208 quem
2296 2131 2547 2190 eundem

307 2221 665 2280 monasterio
712 2217 939 2279 cuidam
988 2221 1318 2298 praefuisse
1373 2221 1656 2280 sermonis
1712 2227 2022 2280 contextus
2078 2221 2277 2294 docet,
2337 2221 2546 2296 quinto

311 2311 468 2389 quod
529 2309 688 2410 apud
749 2310 997 2367 eundem
1059 2308 1479 2368 Adamnanum
1547 2309 1769 2368 mentio
1838 2309 1909 2368 fit
1969 2309 2163 2386 Golgii
2226 2309 2546 2384 cujusdam,

301 2397 585 2480 primm-ii
639 2395 888 2480 alicujus
949 2395 1210 2459 ecclesiae
1256 2400 1340 2476 (1,
1394 2401 1469 2457 17
1522 2422 1579 2478 p.
1630 2398 1801 2475 204),
1866 2398 1968 2475 qui
2029 2419 2158 2457 cum
2222 2418 2547 2458 sermonem

307 2489 584 2547 habuisse
631 2488 866 2547 dicatur
911 2509 1042 2546 cum
1075 2488 1363 2547 Columba
1395 2487 1468 2547 de
1512 2506 1628 2547 uno
1659 2484 1848 2547 tenaci
1881 2486 2232 2568 primatium
2276 2488 2349 2547 de
2368 2505 2544 2566 prae-

301 2576 507 2657 positis
554 2596 691 2637 suae
737 2575 1050 2637 dioeceseos
1097 2580 1182 2653 (l,
1217 2578 1297 2634 29
1346 2598 1403 2655 p.
1439 2578 1595 2653 208)
1644 2577 1954 2653 episcopus
2002 2582 2088 2649 et,
2136 2597 2268 2635 cum
2314 2574 2548 2652 saepius

309 2668 470 2744 apud
517 2665 869 2725 Columbam
915 2666 1110 2726 Jonas
1158 2671 1548 2725 commoratus
1590 2665 1685 2737 sit,
1742 2664 2063 2724 monachus
2111 2671 2201 2725 est
2244 2664 2548 2723 habendus

309 2757 406 2831 (cf.
455 2754 713 2813 Adamn.
769 2758 822 2827 1,
873 2757 953 2813 27
1004 2776 1061 2831 p.
1112 2755 1285 2831 207),
1350 2760 1518 2813 sexto
1578 2754 1835 2830 denique
1894 2753 2054 2829 quod
2112 2756 2176 2813 in
2236 2752 2547 2813 annalibus

309 2865 485 2922 saepe
535 2850 852 2903 occurrunt
896 2844 1158 2922 episcopi
1207 2845 1307 2920 qui
1355 2844 1530 2902 iidem
1562 2844 1809 2902 abbates
1855 2850 2027 2902 erant
2058 2844 2199 2919 (vid.
2234 2843 2429 2902 Skene
2460 2841 2548 2914 ΙΙ,

309 2954 366 3010 p.
415 2933 500 2991 44
547 2940 671 2992 not.
721 2933 806 3009 8).
902 2931 1021 2991 Sed
1084 2932 1446 2993 levissimum
1494 2938 1584 2991 est
1644 2932 1790 2990 illud
1852 2940 2100 2993 sextum.
2200 2933 2355 2991 Nam
2419 2947 2549 2987 eum

311 3020 612 3080 annalium
671 3022 773 3098 qui
819 3027 1056 3080 exstant
1101 3022 1516 3097 antiquissimi,
1562 3019 1923 3095 Tigernachi
1956 3022 2025 3096 (†
2062 3020 2256 3095 1088)
2290 3020 2549 3091 annales,

310 3112 544 3169 saeculo
611 3110 844 3168 demum
904 3110 1210 3169 undecimo
1259 3109 1580 3185 conscripti
1642 3110 1785 3179 sint,
1849 3128 2037 3183 pauca
2094 3108 2227 3179 illa,
2292 3127 2441 3185 quae
2487 3107 2549 3165 in

312 3200 625 3259 annalibus
673 3200 909 3275 prodita
955 3204 1095 3257 sunt
1138 3196 1498 3273 hujusmodi:
1563 3194 1661 3255 ille
1706 3194 1875 3278 episc.
1923 3193 2082 3268 obiit,
2142 3192 2239 3255 ille
2283 3195 2453 3276 epi-sc.
2500 3204 2551 3255 et

311 3286 436 3347 abb.
485 3286 637 3360 obiit,
685 3284 780 3346 ille
825 3285 951 3347 abb.
1000 3284 1137 3347 obiit
1181 3288 1392 3345 idonea
1440 3307 1565 3345 esse
1613 3306 1730 3344 non
1772 3284 2066 3356 videntur,
2116 3285 2328 3363 quibus
2376 3303 2548 3361 argu-

310 3378 527 3436 mentis
573 3382 828 3435 utamur.
893 3376 1028 3436 Etsi
1077 3377 1232 3435 enim
1279 3376 1717 3452 antiquioribus
1765 3375 2001 3451 scriptis
2048 3374 2142 3433 usi
2170 3380 2309 3433 sunt
2341 3372 2549 3451 'Piger-

313 3465 536 3524 nachus
585 3472 646 3523 et
691 3465 1065 3541 posteriores,
1113 3471 1312 3523 tamen
1345 3471 1508 3524 certa
1539 3484 1683 3537 esse,
1734 3483 1883 3539 quae
1921 3464 1993 3521 de
2026 3463 2322 3540 dignitate
2354 3463 2551 3539 singu-

312 3556 504 3612 lorum
553 3553 960 3631 prodiderunt,
1009 3554 1140 3631 quis
1187 3553 1482 3612 affirmet?
1551 3553 1685 3613 Non
1735 3572 1875 3611 vero
1922 3552 2159 3611 omnino
2217 3566 2369 3629 nego
2422 3551 2553 3632 fieri

313 3663 510 3719 posse,
559 3650 626 3701 ut
683 3643 1002 3719 aliquando
1047 3644 1112 3701 id
1156 3643 1377 3720 ipsum,
1441 3642 1601 3719 quod
1656 3642 1894 3701 annales
1942 3643 2202 3718 ejusdem
2248 3641 2413 3700 urbis
2459 3641 2553 3700 vel

314 3731 662 3789 monasterii
723 3734 1025 3809 praesules
1080 3733 1254 3791 modo
1313 3732 1562 3790 abbates
1624 3731 1797 3789 modo
1846 3730 2152 3809 episcopos
2199 3736 2261 3789 et
2307 3731 2555 3789 abbates

316 3820 640 3893 nominant,
689 3819 765 3878 ad
811 3821 1276 3880 adumbrandam
1309 3820 1589 3879 ecclesiae
1622 3818 1931 3902 Scotorum
1978 3819 2285 3878 historiam
2327 3818 2553 3895 aliquid

316 3909 599 3968 momenti
645 3908 881 3984 afferat,
929 3911 1032 3969 sed
1079 3911 1286 3970 itidem
1332 3908 1463 3968 fieri
1508 3909 1735 3987 potuit,
1783 3915 1853 3967 ut
1898 3908 2199 3966 nominum
2246 3928 2314 3966 ac
2358 3906 2551 3983 digni—

317 4002 507 4057 tatum
571 3998 764 4057 minus
827 3998 1146 4077 diligenter
1205 4000 1496 4058 rationem
1557 3998 1845 4055 haberent
1909 3996 2247 4073 scriptorem
2337 3996 2553 4071 Itaque

468 4224 726 4278 ²Verba
765 4226 1031 4279 adderem
1057 4226 1128 4277 de
1155 4224 1452 4287 Baithano‚
1494 4222 1603 4275 nisi
1643 4221 1788 4275 falsa
1826 4225 2025 4283 essent,
2068 4238 2211 4289 quae
2240 4220 2556 4274 Stevenson

318 4296 381 4349 in
419 4297 788 4350 annotatione
827 4296 898 4349 de
940 4312 1004 4348 eo
1044 4294 1278 4363 profert.
1345 4293 1433 4347 De
1473 4293 1657 4345 altero
1697 4294 1846 4346 enim
1882 4292 2162 4345 Baithano
2189 4286 2554 4347 Adamnanus

321 4367 544 4422 locutus
584 4383 704 4419 esse
741 4367 985 4432 videtur,
1026 4366 1096 4420 de
1136 4366 1314 4419 altero
1355 4364 1645 4418 Johannes
1684 4382 1850 4432 papa.
