3167 4900
1213 187 1698 266 *113-

510 364 645 424 Tali
708 365 881 425 modo
948 364 1131 425 etiam
1197 364 1284 437 id,
1365 360 1527 443 quod
1593 363 1917 424 Columbae
1975 369 2038 425 et
2095 365 2390 425 sociorum
2449 369 2579 442 ejus

319 454 581 515 maxime
627 453 935 532 proprium
982 459 1138 527 erat,
1184 453 1501 513 memoriae
1548 459 1886 532 exemptum
1933 457 2039 513 est.
2130 454 2290 528 Quid
2335 454 2576 515 tandem

325 544 613 603 memoria
674 542 1035 603 custoditum
1108 542 1239 601 est?
1316 541 1421 602 An
1491 542 1654 601 nulla
1721 541 2152 621 posterioribus
2209 544 2577 621 temporibus

313 639 648 691 occurrunt
693 631 949 708 vestigia
994 630 1321 690 Columbae
1334 629 1363 687 Ρ
1408 630 1618 702 Nulla,
1665 650 1818 708 quae
1865 650 2246 708 cognosceres
2290 652 2496 710 pressa
2540 654 2575 691 a

320 720 631 799 peregrini
673 720 841 797 pede.
902 719 1057 779 Nam
1103 719 1361 779 vidimus
1405 719 1611 793 multa,
1659 739 1812 797 quae
1858 718 2184 781 Columbae
2229 727 2291 780 et
2337 721 2573 779 omnino

318 808 643 869 Scotorum
696 808 944 887 propria
997 808 1181 869 fuisse
1235 807 1541 880 dicuntur,
1603 814 1710 867 aut
1769 828 1890 866 non
1949 807 2204 867 inveniri
2260 809 2424 887 apud
2475 830 2576 869 eos

314 902 434 955 aut
479 896 724 975 propria
770 916 972 956 eorum
1018 897 1258 956 minime
1304 897 1510 969 fuisse,
1572 897 1858 957 nonnulla
1916 896 2062 969 alia,
2123 917 2278 974 quae
2331 898 2574 975 propria

317 986 594 1058 -fuerunt,
663 992 894 1045 mutato
952 986 1115 1045 coelo
1162 990 1225 1045 et
1266 985 1513 1045 mutatis
1555 984 1925 1063 temporibus
1970 986 2186 1047 sensim
2232 1006 2359 1047 esse
2405 1006 2574 1047 exae-

328 1080 529 1151 quata.
606 1074 779 1133 Licet
826 1094 967 1152 ergo
1014 1074 1273 1133 maxima
1315 1073 1499 1134 fuerit
1543 1072 1870 1133 Columbae
1915 1074 2076 1152 apud
2122 1073 2330 1135 Gallos
2375 1081 2574 1135 aucto-

325 1162 503 1235 ritas,
563 1162 703 1222 licet
763 1162 1252 1222 monasteriorum
1265 1206 1281 1235 ,
1339 1162 1561 1240 quibus
1607 1182 1738 1221 cum
1786 1161 2078 1221 Columba
2123 1169 2185 1222 et
2227 1164 2402 1223 sociis
2448 1165 2576 1239 ejus

319 1251 697 1311 necessitudo
729 1258 875 1324 erat,
922 1251 1199 1330 discipuli
1243 1250 1589 1311 creberrimi
1633 1250 2008 1311 ascenderint
2050 1250 2117 1309 in
2161 1252 2574 1330 episcoporum

326 1339 594 1416 gradum,
628 1374 713 1385 --
745 1340 1125 1401 nihilosecius
1170 1340 1323 1399 hanc
1369 1340 1447 1399 ob
1494 1358 1624 1399 rem
1671 1336 1984 1399 Gallorum
2031 1339 2276 1399 ecclesia
2319 1341 2397 1399 ab
2443 1341 2573 1399 uni·

322 1434 455 1487 tate
502 1428 793 1489 catholica
838 1449 1142 1506 nunquam
1188 1428 1463 1489 discessit
1518 1462 1603 1475 —
1659 1428 1875 1487 nedum
1932 1428 2253 1489 absurdum
2309 1448 2430 1490 non
2483 1436 2576 1489 est

317 1516 624 1575 affirmare
672 1517 952 1591 (Ebrard,
998 1539 1057 1595 p.
1109 1518 1264 1594 322)
1307 1517 1564 1577 insulam
1610 1517 1658 1577 J
1657 1536 1832 1577 onam
1879 1516 2098 1576 saeculi
2141 1516 2382 1597 septimi
2426 1524 2573 1577 tem·

321 1606 571 1681 poribus
624 1606 1029 1683 principatum
1084 1605 1379 1681 quendam
1440 1604 1770 1665 obtinuisse
1822 1605 1886 1663 in
1945 1606 2190 1665 ecclesia
2245 1604 2574 1665 Gallorum.

322 1693 507 1766 Nam,
554 1700 625 1754 ut
669 1694 969 1767 omittam,
1018 1694 1178 1771 quod
1223 1694 1469 1753 dubium
1516 1699 1633 1767 est,
1697 1713 1895 1753 annon
1941 1692 2294 1765 Columbae,
2351 1696 2573 1772 quippe

319 1783 613 1841 monacho
672 1783 1103 1855 Benchorensi,
1175 1784 1458 1859 quamdiu
1526 1782 1591 1841 in
1659 1781 1956 1841 Hibernia
2025 1787 2180 1855 erat,
2248 1783 2373 1841 ulla
2442 1803 2574 1843 cum

320 1870 677 1930 Hiiensibus
722 1872 1093 1931 necessit-udo
1138 1871 1321 1931 fuerit
1350 1872 1451 1947 (cf.
1481 1890 1664 1948 supra
1692 1891 1752 1948 p.
1787 1870 1914 1947 55),
1947 1904 2033 1915 --
2065 1871 2344 1931 ecclesiae
2383 1870 2572 1931 Galli·

324 1978 509 2017 canae
552 1979 649 2017 res
696 1959 987 2020 Columba
1030 1960 1146 2019 nisi
1192 1958 1536 2019 circuitione
1583 1959 1842 2035 quadam
1887 1978 2008 2019 non
2055 1960 2301 2033 curavit,
2349 1960 2491 2037 quia
2537 1983 2572 2021 a

326 2047 641 2107 mundanis
688 2049 944 2125 negotiis
989 2048 1139 2109 adeo
1195 2050 1580 2122 abhorrebat,
1641 2052 1710 2108 ut
1764 2068 1842 2107 ne
1894 2048 2119 2125 synodo
2173 2048 2412 2125 quidem
2465 2068 2572 2109 sua

320 2135 515 2214 ipsius
562 2156 739 2197 causa
784 2143 1181 2215 congregatae
1224 2138 1512 2199 interesse
1558 2137 1740 2196 vellet
1785 2138 1883 2213 (cf.
1913 2156 2095 2214 supra
2139 2158 2200 2215 p.
2235 2138 2362 2214 92).
2451 2137 2574 2198 Sed

326 2231 399 2284 et·
444 2223 733 2285 Columba
796 2232 857 2285 et
916 2226 1063 2287 socii
1122 2230 1251 2303 ejus
1308 2226 1371 2285 in
1432 2224 1682 2286 desertis
1743 2225 2046 2299 sedentes,
2114 2225 2263 2283 nulli
2320 2227 2573 2300 molesti,

316 2332 459 2371 cum
520 2315 820 2375 seniorum
866 2334 1102 2375 suorum
1166 2315 1389 2393 regulis
1433 2315 1757 2374 manebant
1811 2334 2004 2391 neque
2057 2314 2336 2373 ecclesiae
2383 2312 2572 2375 Galli·

317 2422 508 2463 canae
553 2404 737 2464 ullam
782 2404 1073 2464 rationem
1118 2405 1447 2477 habebant,
1516 2403 1636 2463 nisi
1690 2402 1804 2476 ita,
1873 2408 1941 2462 ut
1997 2421 2120 2476 eos,
2190 2402 2292 2481 qui
2349 2404 2570 2476 eadem,

314 2511 443 2568 qua
486 2493 631 2570 ipsi,
678 2493 883 2552 mundi
930 2499 991 2552 et
1034 2493 1195 2552 vitae
1240 2493 1517 2553 satietate
1564 2491 1752 2569 capti,
1799 2491 1988 2551 veluti
2031 2491 2263 2568 aegroti
2305 2492 2370 2550 in
2414 2494 2570 2554 vale-

322 2580 652 2654 tudinaria,
713 2580 778 2640 in
812 2581 1191 2642 monasteria
1247 2601 1448 2640 eorum
1496 2580 1946 2657 confugiebant,
2009 2579 2454 2640 consolarentur
2509 2588 2570 2642 et

319 2690 434 2749 per
480 2689 579 2730 eos
624 2669 905 2730 ecclesiae
950 2691 1140 2731 mores
1186 2670 1275 2730 ita
1320 2670 1634 2729 emendare
1679 2669 2014 2742 studerent,
2075 2674 2145 2730 ut
2205 2689 2384 2746 quam
2437 2671 2566 2748 plu-

316 2759 503 2819 rimos
549 2759 627 2818 ad
672 2760 859 2820 vitam
905 2760 1309 2822 monachicam
1353 2758 1700 2831 incitarent,
1757 2758 1965 2818 saltem
2011 2765 2448 2820 commoverent
2493 2761 2570 2820 ad

320 2847 761 2926 despiciendam
807 2849 961 2908 hanc
1005 2849 1215 2922 vitam,
1271 2848 1347 2908 de
1391 2868 1509 2925 qua
1555 2848 1846 2908 Columba
1887 2865 2008 2912 ‘non
2051 2845 2170 2906 vita
2213 2866 2296 2917 ee,
2356 2848 2568 2924 inquit,

310 2935 429 2996 sed
472 2935 571 2994 via
614 2937 809 3010 (instr.
858 2937 915 3006 5,
962 2936 1119 2996 Bibl.
1168 2957 1318 2996 max.
1365 2936 1517 3008 XII,
1564 2959 1623 3014 p.
1678 2937 1799 3012 13).

502 3023 794 3080 Attamen
840 3021 1155 3096 Columba,
1203 3045 1335 3082 cum
1382 3031 1537 3082 esset
1580 3023 1678 3082 vir
1720 3029 2018 3095 strenuus,
2065 3023 2296 3082 sincera
2339 3023 2565 3101 pietate

317 3117 389 3170 et
441 3111 761 3170 sanctitate
817 3110 1091 3184 eximius,
1154 3119 1215 3170 et
1270 3131 1403 3170 cum
1457 3112 1758 3188 permulta
1820 3130 1891 3169 eo
1949 3116 2190 3170 auctore
2249 3111 2314 3169 in
2370 3110 2566 3172 Gallia

314 3198 829 3259 constituerentur
874 3199 1257 3273 monasteria,
1314 3199 1630 3258 maximam
1677 3199 1739 3257 in
1787 3199 2034 3258 ecclesia
2079 3197 2388 3258 Gallorum
2433 3221 2566 3260 con-

315 3293 559 3348 secutus
616 3294 708 3347 est
754 3288 1187 3348 auctoritatem.
1277 3288 1414 3347 Hoc
1472 3288 1668 3366 ipsum
1723 3287 2100 3346 manifestum
2156 3294 2248 3347 est
2301 3308 2375 3346 ex
2431 3309 2563 3348 con·

320 3375 534 3436 fitendi
570 3377 831 3436 ratione
899 3377 1117 3438 sensim
1191 3377 1622 3455 paullatimque
1693 3382 2070 3436 commutata.
2186 3374 2564 3453 Singulorum

325 3465 480 3524 enim
534 3473 911 3544 peccatorum
969 3467 1257 3527 confessio
1311 3471 1519 3545 postea
1574 3465 1638 3522 in
1693 3465 2007 3524 universae
2061 3465 2340 3525 ecclesiae
2394 3486 2564 3526 usum

318 3561 579 3634 recepta,
644 3555 979 3631 antiquitus
1022 3555 1087 3614 in
1132 3555 1380 3616 ecclesia
1424 3555 1604 3614 moris
1649 3574 1768 3613 non
1815 3559 1966 3626 erat3
2036 3554 2320 3632 neglectis
2366 3556 2566 3633 potius

321 3643 646 3702 levioribus
700 3643 961 3720 peccatis
976 3687 991 3716 ,
1060 3644 1251 3703 solum
1310 3664 1383 3702 ea
1443 3644 1694 3704 curabat
1753 3643 2024 3717 ecclesia,
2080 3662 2232 3719 quae
2293 3645 2566 3721 publicae

316 3730 632 3812 offensioni
677 3737 865 3790 erant.
939 3729 1121 3792 Alius
1166 3737 1303 3797 erat,
1343 3732 1626 3793 ecclesiae
1671 3731 1982 3792 Scotorum
2028 3751 2172 3791 mos.
2263 3732 2363 3791 Ibi
2409 3733 2564 3791 enim

386 3841 447 3877 ⁶5
495 3819 819 3880 confitendi
872 3819 1109 3898 singula
1164 3823 1411 3898 peccata
1470 3841 1590 3880 non
1651 3821 1840 3880 solum
1898 3822 2156 3886 usitatus
2217 3829 2346 3878 erat
2405 3819 2566 3898 apud

324 3934 422 3969 -ewe
444 3908 639 3968 tachos
684 3907 841 3985 (Col.
883 3927 1006 3985 reg.
1054 3928 1217 3968 coen.
1264 3929 1313 3968 c.
1364 3908 1421 3967 1.
1465 3908 1626 3968 Bibl.
1672 3927 1828 3968 max.
1866 3910 1964 3980 12,
2011 3931 2068 3986 p.
2103 3911 2169 3984 6)
2215 3908 2320 3967 sed
2365 3907 2564 3982 etiam,

333 3998 383 4052 s.
436 4015 617 4075 supra
662 3999 746 4075 (p.
796 3995 905 4074 65)
959 3999 1087 4074 jam
1142 3997 1398 4057 vidimus
1454 4002 1518 4056 et
1559 4003 1631 4057 ut
1676 4016 2028 4074 cognoscere
2084 3995 2226 4054 licet
2278 4017 2351 4054 ex
2395 3997 2564 4056 libris

323 4082 847 4161 poenitentialibus
894 4085 1184 4146 Vinniani
1230 4093 1290 4147 et
1337 4085 1691 4160 Columbae,
1751 4085 1815 4144 in
1862 4085 2142 4144 ecclesiae
2185 4105 2356 4144 usum
2402 4091 2563 4144 tran·

320 4172 521 4232 eierat.
614 4172 733 4246 Qui
785 4173 1100 4236 Scotorum
1155 4195 1279 4236 mos
1334 4174 1628 4254 quomodo
1681 4174 1748 4234 in
1799 4174 2073 4235 universa
2128 4173 2374 4233 ecclesia
2430 4194 2562 4252 per-

324 4262 650 4335 crebuerit,
711 4264 1133 4339 quaerentibus
1162 4285 1315 4336 .non
1358 4264 1568 4324 dubito
1617 4284 1750 4324 cum
1793 4261 2128 4341 Loeningio
2187 4264 2564 4344 respondere,

2100 4365 2135 4421 8
