3167 4900
1487 231 1923 288 ,ΒΞ-...-

587 430 706 471 non
753 410 989 468 omnino
1025 407 1354 487 'szproprium
1409 409 1589 468 fuisse
1644 409 1987 482 Britonum,
2056 409 2159 468 sed
2218 409 2549 487 profectum
2610 431 2741 470 esse
2802 433 2841 470 a

587 500 785 580 priore
848 484 1100 574 quadam
1163 504 1440 556 tonsurae
1513 498 1742 556 ratione
1805 504 1981 557 antea
2055 498 2115 556 in
2186 496 2429 558 ecclesia
2499 501 2710 560 saltem
2775 501 2843 559 in

592 586 940 666 quibusdam
1011 587 1286 645 ecclesiae
1346 587 1619 663 partibus
1680 587 1917 646 usitata.
2032 587 2206 660 Quod
2265 587 2421 645 idem
2486 590 2843 666 comprobat

588 677 878 735 Paulinus
938 675 1204 735 Nolanus
1269 676 1623 734 mentionem
1689 675 1907 734 faciens
1954 674 2091 753 (Op.
2141 676 2228 734 ed.
2276 675 2609 754 Rosweyde
2664 679 2840 736 1622

591 787 682 844 ep.
719 767 782 840 7)
831 765 902 822 de
949 765 1250 822 monachis
1297 762 1542 822 Gallicis
1590 771 1749 822 casta
1791 761 2149 845 informitate
2192 761 2477 844 capillum
2520 764 2605 828 ad
2650 774 2845 828 eutem

589 852 769 914 eaesis
813 861 866 912 et
926 849 1306 932 inaequaliter
1351 850 1671 911 semitonsis
1716 860 1767 911 et
1812 851 2081 912 destituta
2124 850 2329 934 fronte
2376 847 2691 934 praerasis
2740 856 2844 931 (cf.

591 943 786 1002 Skene
817 942 904 1014 II,
945 961 1000 1018 p.
1037 941 1162 1018 24).
1256 939 1481 1000 Contra
1528 961 1659 1000 cum
1706 937 1971 1000 Sacc-ones
2015 941 2149 999 illos
2195 937 2618 1022 Bajoeassinos
2652 939 2845 1024 juxta

590 1031 770 1090 ritum
824 1028 1262 1089 Britannorum
1315 1037 1507 1089 tonsos
1561 1030 1743 1088 laicos
1796 1030 1978 1088 fuisse
2035 1030 2409 1088 manifestum
2465 1031 2545 1090 sit
2606 1034 2707 1108 (cf.
2757 1033 2843 1092 H.

591 1120 708 1178 and
755 1117 844 1178 St.
889 1119 976 1191 ΙΙ,
1029 1120 1058 1176 1
1111 1139 1166 1195 p.
1217 1119 1344 1195 78),
1392 1118 1809 1196 suspicandum
1856 1124 1969 1190 est,
2031 1118 2213 1178 laicos
2269 1139 2506 1195 quoque
2552 1119 2845 1181 Britones

590 1208 878 1287 peculiari
935 1208 1186 1284 quadam
1257 1207 1486 1266 ratione
1547 1206 1727 1265 fuisse
1798 1213 2019 1265 tonsos.
2109 1206 2285 1280 Inde,
2348 1207 2401 1266 si
2461 1229 2668 1267 verum
2733 1216 2845 1284 est,

593 1297 986 1374 colligendum
1035 1302 1124 1355 est
1167 1296 1417 1355 rationis
1461 1295 1746 1354 tondendi
1794 1295 2035 1354 clericos
2076 1296 2236 1375 apud
2265 1295 2545 1355 Britones
2578 1298 2845 1358 usitatae

590 1386 810 1464 partim
868 1385 1045 1443 etiam
1103 1404 1326 1443 morem
1382 1384 1762 1443 domesticum
1817 1385 1998 1443 fuisse
2054 1390 2369 1443 auctorem.
2462 1386 2629 1464 Ergo
2688 1394 2750 1446 et
2808 1409 2845 1448 a

595 1475 792 1553 priore
859 1474 1111 1551 quadam
1179 1473 1529 1533 tonsurandi
1594 1473 1826 1532 ratione
1891 1479 1949 1531 et
2014 1494 2049 1531 a
2112 1473 2449 1534 domesticis
2514 1475 2843 1536 Britonum

593 1563 858 1622 moribus
903 1568 1182 1620 tonsurae
1227 1561 1545 1621 Britonum
1594 1561 1759 1639 origo
1816 1562 2050 1621 videtur
2106 1583 2227 1621 esse
2284 1565 2626 1640 repetenda.
2722 1564 2847 1624 Sed.

590 1658 910 1728 utrumque
968 1650 1111 1729 quid
1169 1651 1486 1710 contulerit
1540 1652 1615 1710 ad
1674 1650 2033 1709 efferendam
2090 1652 2249 1710 illam
2306 1651 2497 1729 ipsam
2555 1659 2844 1714 tonsurae

593 1741 840 1799 formam
897 1739 957 1797 in
1012 1739 1204 1798 medio
1261 1739 1710 1816 relinquendum
1767 1747 1873 1799 est.
1964 1738 2041 1797 Id
2095 1760 2233 1799 vero
2290 1761 2399 1818 pro
2458 1747 2622 1801 certo
2680 1743 2843 1801 affir-

593 1829 742 1888 mari
788 1834 989 1906 potest
1030 1828 1312 1887 Britones
1357 1829 1512 1886 hunc
1559 1849 1779 1886 morem
1826 1835 2138 1904 sequentes
2184 1835 2382 1888 tamen
2426 1828 2542 1888 fide
2592 1837 2651 1890 et
2702 1852 2841 1909 ope·

595 1919 761 1977 ribus
808 1917 1028 1976 unitati
1073 1917 1398 1977 catholicae
1457 1917 1719 1994 potuisse
1766 1918 1992 1989 favere,
2062 1917 2301 1976 levioris
2348 1919 2505 1976 enim
2551 1922 2845 1980 momenti

599 2027 723 2066 esse
767 2006 921 2064 hanc
977 2006 1049 2063 de
1101 2011 1382 2064 tonsurae
1437 2007 1626 2063 forma
1682 2005 2104 2064 dissensionem
2156 2006 2343 2083 ipsius
2398 2010 2845 2069 controversiae

595 2095 962 2172 temporibus
1025 2094 1283 2152 Romani
1345 2115 1463 2152 non
1524 2101 1839 2152 tacuerunt
1900 2097 2017 2172 (ep.
2081 2095 2395 2168 Ceolfridi,
2458 2095 2627 2156 Beda
2684 2097 2741 2155 h.
2793 2120 2843 2157 e.

597 2183 654 2255 5,
703 2184 780 2240 21
835 2185 870 2260 ἓ
917 2183 1088 2258 441).
1179 2183 1313 2242 Hac
1361 2183 1492 2260 ipsa
1539 2183 1611 2240 de
1659 2203 1833 2242 causa
1894 2183 2167 2258 equidem
2219 2183 2292 2242 de
2353 2183 2445 2242 his
2494 2183 2731 2246 Galliae
2782 2194 2845 2246 et

595 2270 884 2330 Galliciae
942 2269 1200 2332 ecclesiis
1257 2272 1494 2329 omnino
1551 2273 1735 2330 verba
1790 2293 1909 2330 non
1963 2272 2255 2345 fecissem,
2314 2272 2430 2332 nisi
2475 2277 2844 2351 permultum

597 2381 726 2418 mea
773 2361 1083 2419 interesset
1128 2360 1533 2419 demonstrare
1580 2361 1643 2420 in
1691 2359 1889 2420 Gallia
1935 2367 1995 2419 et
2046 2361 2109 2420 in
2156 2361 2453 2438 Hispania
2499 2364 2735 2439 placide
2787 2372 2850 2425 et

597 2451 800 2510 sedate
846 2456 1042 2509 actum
1090 2471 1213 2509 esse
1259 2450 1331 2509 de
1380 2450 1452 2509 iis
1497 2451 1643 2529 ipsis
1690 2450 2006 2509 Britonum
2051 2452 2337 2524 moribus,
2397 2458 2646 2529 propter
2693 2474 2847 2530 quos

593 2539 721 2598 fieri
769 2559 886 2597 non
933 2540 1156 2616 potuit,
1220 2540 1362 2618 quin
1419 2540 1481 2598 in
1537 2540 1859 2599 Britannia
1915 2540 2225 2600 vehemens
2279 2547 2547 2599 oreretur
2604 2550 2845 2603 contro-

596 2629 791 2687 versia
839 2628 995 2687 inter
1040 2628 1318 2688 Britones
1367 2636 1427 2688 et
1472 2628 1773 2687 Saxonum
1821 2631 2123 2708 apostolos
2170 2652 2205 2687 a
2238 2627 2525 2706 Gregorio
2570 2651 2735 2709 papa
2782 2633 2847 2691 in

596 2717 974 2775 Britanniam
1018 2718 1242 2777 missos.
1333 2719 1551 2796 Itaque
1598 2718 1689 2777 his
1736 2719 2024 2777 absolutis
2072 2722 2199 2795 jam
2254 2719 2711 2796 progrediamur
2768 2723 2847 2780 ad

596 2806 787 2883 ipsam
833 2805 1012 2878 illam,
1063 2826 1239 2883 quam
1286 2806 1665 2865 distinximus

595 2998 833 3065 tertiam
868 2998 1173 3065 ecclesiae
1206 2998 1504 3065 Britonum
1540 3000 1824 3081 aetatem,
1874 3000 2352 3083 proficiscentem
2387 3000 2464 3067 ab
2497 3018 2657 3068 anno
2691 3003 2845 3087 597,

597 3161 800 3220 eodem
854 3162 1076 3240 quippe
1132 3183 1310 3233 anno,
1385 3183 1500 3239 quo
1560 3162 1964 3239 Augustinus,
2035 3164 2259 3239 primus
2305 3161 2847 3239 Anglo-Saxonum

597 3250 906 3328 episcopus
949 3250 1024 3307 ad
1055 3250 1434 3308 Britanniam
1481 3272 1694 3311 navem
1742 3251 1991 3329 appulit.
2032 3286 2106 3295 ———
2144 3250 2519 3327 Augustinus
2568 3260 2629 3313 et
2676 3258 2847 3332 socii,

598 3359 728 3397 cum
774 3338 837 3396 in
869 3338 1247 3397 Britanniam
1287 3345 1595 3413 venerunt,
1644 3340 1903 3399 nondum
1950 3345 2109 3399 certo
2158 3339 2443 3413 sciebant,
2492 3342 2598 3419 qui
2646 3354 2850 3406 essent

599 3446 790 3485 mores
836 3426 1153 3486 Britonum
1199 3428 1448 3506 proprii,
1498 3430 1674 3487 immo
1705 3429 2083 3499 Laurentius,
2130 3426 2457 3505 Augustini
2504 3432 2566 3489 in
2614 3435 2845 3494 archie-

595 3516 905 3594 piscopatu
937 3514 1330 3575 Cantuarensi
1377 3538 1693 3591 successor,
1740 3516 1933 3577 Scotis
1980 3517 2218 3594 scripsit
2264 3523 2422 3595 (ann.
2459 3520 2845 3602 604—610)

595 3624 658 3663 se
705 3604 934 3663 venisse
989 3605 1052 3663 in
1107 3605 1483 3665 Britanniam
1544 3606 1860 3677 credente-3,
1928 3606 2085 3685 quod
2116 3602 2297 3687 juxta
2341 3627 2564 3669 morem
2610 3611 2843 3675 univer-

596 3690 736 3752 salis
783 3689 1044 3753 ecelesiae
1073 3692 1350 3755 Britones
1394 3693 1850 3777 inyrederentur,
1896 3694 1959 3753 in
2002 3715 2221 3775 mayna
2264 3696 2581 3757 reveremta
2627 3702 2843 3762 saneti-

595 3780 729 3841 tatis
773 3788 897 3841 tam
925 3780 1206 3843 Britones
1249 3804 1430 3866 quam
1476 3780 1679 3844 Scotos
1724 3792 2049 3844 venerantes
2082 3784 2271 3860 (Beda
2300 3785 2357 3843 h.
2390 3807 2437 3843 e.
2472 3788 2529 3859 2,
2566 3788 2604 3845 4
2638 3790 2674 3867 ξ
2712 3792 2844 3869 98).

597 3871 796 3946 Quod,
861 3872 972 3931 etsi
1019 3873 1307 3931 mendacii
1354 3872 1715 3932 Laurentius
1761 3873 2123 3932 accusandus
2170 3894 2286 3932 non
2342 3882 2457 3947 est,
2520 3882 2719 3937 tamen
2777 3881 2845 3939 in

596 3960 824 4020 sincera
871 3962 1122 4021 veritate
1170 3962 1458 4040 scriptum
1506 3981 1621 4018 non
1671 3966 1777 4019 est.
1870 3961 2047 4021 Certe
2094 3962 2247 4020 enim
2296 3960 2623 4039 Gregorius
2678 3990 2845 4047 papa

596 4050 928 4128 suspicatus
991 4058 1080 4109 est
1138 4051 1420 4110 Britones
1482 4071 1598 4109 non
1662 4050 1898 4108 omnino
1960 4051 2289 4109 consentire
2360 4072 2490 4109 cum
2558 4056 2844 4119 universa

595 4134 856 4198 ecclesia.
963 4138 1251 4216 Alioquin
1317 4139 1658 4216 Augustino
1721 4160 1839 4197 non
1900 4140 2255 4217 scripsisset:
2334 4138 2844 4211 „Braamziamm

596 4247 790 4286 omnes
837 4226 1131 4307 episcopos
1175 4236 1308 4287 tuae
1337 4226 1706 4308 fraternitati
1748 4226 2173 4298 committimus,
2219 4236 2283 4287 ut
2325 4226 2546 4290 indocti
2587 4232 2839 4297 docean-

597 4324 707 4388 tur,
740 4314 959 4398 infirmi
973 4314 1356 4395 persuasione
1385 4314 1746 4387 roborentur,
1765 4314 2035 4397 perversi
2060 4314 2397 4377 auctoritate
2426 4319 2845 4402 aowiyantur“
