3167 4900
1220 210 1694 267 -115—

322 386 629 465 grinandi,
661 406 840 464 quam
872 387 1257 465 praedicandi
1288 386 1583 463 evangelii
1615 406 1794 447 causa
1815 388 1877 447 in
1895 387 2278 449 Germaniam
2301 392 2582 452 venisse?¹
2700 401 2706 407 ”

322 476 437 536 An
482 476 647 535 dicas
696 476 783 536 St.
818 475 1059 535 Gallum
1106 496 1315 535 revera
1358 474 1660 535 sudoriose
1701 474 1996 537 laborasse
2037 477 2100 538 in
2135 478 2584 560 praedicatiom·

322 557 645 645 evangelii?
689 564 887 641 Atqui
932 570 1087 624 teste
1119 564 1247 624 vita
1290 568 1433 641 ejus,
1480 570 1717 623 centum
1763 568 1936 625 annis
1964 574 2104 644 post
2149 572 2278 644 ejus
2323 570 2576 632 mortem

326 655 673 731 conscripta
732 656 831 729 (cf.
876 654 1175 729 Rettberg
1220 653 1308 726 ΙΙ,
1370 675 1429 731 Ρ.
1476 654 1606 730 40).
1696 654 1822 715 Nec
1881 662 2082 715 tamen
2143 678 2216 715 ex
2271 657 2379 715 illa
2439 659 2577 737 ipsa

320 743 455 804 vita
514 764 637 801 non
710 750 989 821 apparet,
1052 742 1140 801 St.
1204 741 1446 801 Gallum
1504 741 1706 819 potius
1776 744 2126 803 monachum
2190 747 2572 823 peregrinum

320 833 513 891 fuisse
558 852 733 908 quam
764 832 1115 909 apostolum,
1162 839 1224 890 et
1254 832 1668 909 suspicandum
1717 838 1808 891 est
1840 832 1928 893 St.
1961 831 2218 907 Gallum,
2251 834 2576 895 Columbae

328 922 704 997 discipulum,
750 921 839 979 illi
884 920 1229 979 similiorem
1275 920 1483 992 fuisse,
1530 940 1708 995 quam
1755 921 1916 980 vitae
1961 922 2122 985 illins
2177 929 2386 982 auctor
2427 932 2576 984 tunc

322 1010 615 1087 temporis
655 1013 782 1085 jam
828 1008 981 1067 scire
1026 1009 1244 1086 potuit.
1306 1009 1389 1066 Et
1432 1009 1758 1079 Kilianus?
1813 1010 1915 1071 Nil
1959 1008 2152 1087 paene
2196 1012 2270 1070 de
2316 1032 2386 1071 eo
2434 1033 2570 1072 con-

324 1098 505 1157 stat}
596 1097 661 1157 Si
720 1098 883 1157 vitae
950 1101 1079 1174 ejus
1104 1098 1318 1173 «mab.
1364 1098 1462 1170 Π,
1524 1118 1659 1157 ann.
1711 1099 1866 1171 689,
1925 1120 1984 1176 p.
2033 1100 2161 1157 992
2211 1122 2258 1159 c.
2309 1102 2346 1159 3
2395 1108 2458 1159 et
2504 1103 2578 1178 4)

322 1186 475 1247 fides
520 1186 731 1246 haberi
794 1194 1021 1264 posset,
1082 1187 1251 1245 nobis
1310 1186 1646 1263 putandum
1709 1194 1890 1259 esset,
1953 1208 2088 1246 eum
2131 1188 2387 1249 Romam
2430 1210 2570 1267 pro·

323 1277 549 1334 fectum
594 1275 672 1333 ab
730 1276 1004 1354 episcopo
1050 1274 1321 1335 Romano
1378 1271 1666 1335 &etaiam
1718 1274 2116 1354 praedicandi
2166 1278 2409 1354 petiise,
2465 1280 2572 1338 sed

323 1364 533 1423 fictum
578 1365 691 1421 hoc
736 1384 863 1425 esse
908 1366 1037 1423 fere
1076 1384 1285 1423 omnes
1316 1364 1646 1441 evangelici
1676 1365 2072 1425 consentiunt.
2133 1366 2290 1426 Nam
2337 1387 2408 1426 ea
2437 1367 2570 1445 ipsa

326 1474 396 1513 re
443 1450 609 1512 Secti
655 1452 1026 1530 evangelium
1082 1453 1497 1531 praedicantes
1550 1454 1626 1511 ab
1673 1451 1896 1530 Anglis
1948 1454 2170 1513 diversi
2223 1454 2402 1515 fuisse
2457 1475 2567 1534 pu·

324 1540 564 1615 tantur,
626 1542 785 1618 quod
844 1541 1097 1601 Romam
1160 1542 1325 1601 adire
1384 1542 1712 1601 omiserunt
1725 1586 1739 1613 ‚
1799 1547 2122 1619 antequam
2181 1564 2330 1621 opus
2397 1564 2570 1605 sumn

324 1632 675 1709 inciperent.
738 1628 857 1689 Sed
914 1631 1073 1689 haud
1118 1632 1243 1690 scic
1288 1652 1365 1689 an
1408 1630 1485 1688 de
1529 1636 1665 1689 tota
1704 1630 1816 1689 hac
1861 1652 1926 1689 re
1971 1632 2152 1689 aliter
2195 1634 2570 1693 sentiendum

326 1720 423 1779 sit.
499 1718 799 1797 Equidem
842 1720 991 1777 mihi
1034 1720 1305 1797 persuasi
1350 1721 1531 1778 etiam
1579 1740 1649 1777 ea
1695 1719 1772 1777 de
1815 1739 1992 1777 causa
2039 1720 2112 1777 de
2157 1720 2352 1780 Scotis
2399 1742 2571 1799 prae·

325 1807 613 1867 dicaturis
642 1808 895 1867 Romam
927 1808 1303 1868 venientibus
1335 1808 1652 1867 memoriae
1698 1808 1848 1866 nihil
1893 1808 2043 1867 certi
2086 1808 2391 1885 proditu-m
2423 1830 2574 1884 esse,

328 1896 474 1974 quia
518 1896 607 1954 illi
652 1897 841 1973 mag-is
886 1896 1327 1973 peregrinaturi
1388 1916 1566 1972 quam
1621 1896 2027 1973 praedicaturi
2071 1897 2137 1955 in
2181 1896 2566 1957 Germaniam

324 1986 663 2045 veniebant.
756 1985 983 2059 Quodsi
1040 1986 1321 2047 Kilianus
1380 1985 1573 2061 magis
1631 1985 2016 2063 praedicandi
2077 2004 2253 2062 quam
2299 1988 2564 2087 peregri-

324 2073 507 2133 nandi
553 2072 783 2133 studio·
798 2081 1127 2135 commotus
1170 2075 1233 2133 in
1282 2072 1666 2133 Germaniam
1711 2074 1975 2146 venerit,
2034 2074 2193 2133 haud
2240 2076 2422 2133 sciam
2487 2095 2564 2135 an

322 2163 577 2223 Romam
624 2164 923 2242 profectus
970 2163 1065 2223 sit.
1156 2162 1311 2223 Nam
1357 2182 1488 2221 cum
1536 2161 1828 2222 Columba
1874 2162 2270 2241 Luxoviensis
2329 2170 2392 2223 et
2435 2164 2566 2240 ipse

322 2252 576 2311 Romam
636 2252 803 2311 adire
860 2252 1117 2329 cupierit
1176 2258 1237 2311 et
1294 2252 1467 2329 papis
1524 2257 1884 2329 potestatem
1950 2236 2297 2311 attribuerit
2365 2252 2566 2312 omm'a

324 2339 663 2411 ordinandi,
712 2336 921 2399 bellum
963 2338 1319 2410 immoti,
1368 2340 1543 2400 duces
1571 2338 1906 2399 εωσὶωπᾶτ.
1985 2338 2218 2399 ,aciem
2241 2340 2570 2401 insinuandi

323 2432 440 2509 (ep.
490 2428 549 2502 4,
602 2430 672 2490 cf.
720 2450 901 2510 supra
943 2451 1003 2507 p.
1054 2428 1199 2506 97),
1230 2429 1402 2489 nobis
1448 2449 1567 2488 non
1611 2428 1753 2488 licet
1804 2428 2003 2488 dicere
2051 2428 2260 2490 Scotos
2305 2430 2562 2489 solitos

321 2539 475 2578 esse
518 2519 772 2578 Romam
818 2540 937 2578 non
984 2519 1299 2598 proficisci,
1357 2517 1710 2597 praesertim
1766 2538 1897 2577 cum
1957 2518 2310 2591 nesciamus,
2365 2539 2564 2577 nonne

317 2608 604 2667 Kilianus
648 2615 709 2668 et
754 2608 859 2666 alii
902 2609 967 2666 in
1010 2608 1261 2667 australi
1289 2607 1622 2666 Hiberniae
1666 2612 1838 2682 parte
1883 2607 2015 2665 nati
2059 2607 2300 2666 fuerint.
2377 2607 2558 2667 Certo

319 2717 437 2756 non
496 2698 807 2770 habemus,
866 2699 1025 2773 quod
1085 2704 1363 2774 putemus
1422 2695 1818 2767 Bonifatium,
1878 2695 1928 2754 si
1991 2715 2140 2772 qnos
2201 2696 2410 2755 Scottis
2469 2697 2568 2754 in-·

318 2787 550 2846 venerit
594 2785 805 2845 mediis
848 2786 909 2844 in
956 2787 1207 2864 paganis
1262 2791 1600 2857 versantes,
1661 2803 1864 2842 eornm
1925 2785 2146 2845 auxilio
2203 2785 2270 2844 in
2325 2785 2558 2862 praedi-

320 2876 507 2934 cando
552 2875 863 2950 evangelio
907 2876 1000 2934 uti
1044 2895 1163 2933 non
1211 2874 1475 2954 potuisse
1520 2880 1772 2952 propter
1810 2893 2039 2932 morum
2072 2875 2166 2932 vel
2195 2873 2334 2932 fidei
2365 2874 2559 2933 diver·-

319 2963 554 3022 sitatem
600 2964 712 3035 vel,
761 2963 903 3039 quia
948 2964 1257 3042 episcopos
1288 2963 1592 3022 Romanos
1637 2983 1712 3020 ne
1751 2962 1944 3020 dicam
1975 2962 2350 3038 despicerent
2397 2968 2558 3020 certe

320 3052 561 3111 minoris
608 3053 1009 3112 aestimarent.
1100 3051 1221 3110 Sed
1268 3051 1509 3110 omnino
1552 3051 1628 3108 de
1661 3049 1856 3111 Scotis
1903 3049 2274 3125 evangelium
2321 3050 2554 3128 praedi·
2628 3123 2632 3128 ι

318 3143 591 3203 cantibus
637 3145 875 3218 praeter
906 3163 991 3214 ea,
1025 3162 1176 3217 quae
1208 3139 1810 3210 commemoravimus,
1855 3159 1964 3216 pro
1993 3145 2156 3196 certo
2187 3141 2272 3197 nil
2304 3145 2568 3200 constat..

319 3229 525 3307 Neque
570 3235 773 3307 potest
814 3229 1099 3303 dubitari,
1147 3229 1292 3306 quin
1338 3233 1529 3306 major
1572 3248 1716 3305 pars
1763 3226 2103 3299 Scotorum,
2159 3227 2300 3302 quia
2345 3228 2556 3286 mediis

320 3317 378 3375 in
436 3319 689 3396 paganis
742 3318 841 3391 „in
902 3319 1153 3378 desertis
1216 3319 1457 3378 sedere“
1526 3337 1646 3375 non
1705 3323 2012 3393 poterant,
2073 3316 2226 3374 tales
2284 3317 2556 3392 regiones

319 3405 575 3483 petierit,
622 3427 774 3483 quae
806 3407 1205 3468 christianam
1251 3406 1429 3464 fidem
1470 3409 1597 3481 jam
1643 3411 2042 3482 susceperant.
2133 3405 2352 3480 Itaque
2397 3425 2560 3464 nunc

322 3493 393 3552 de
436 3496 509 3555 iis
540 3496 851 3556 dicendum
898 3504 1005 3570 est,
1056 3497 1158 3574 qui
1189 3497 1343 3556 sicut
1371 3494 1501 3573 ipse
1532 3494 1824 3553 Columba
1870 3493 1934 3550 in
1963 3513 2154 3567 regno
2185 3493 2554 3601 Francorum

320 3585 651 3643 manebant.

493 3673 627 3746 Qua
687 3673 749 3730 in
810 3693 877 3732 re
934 3676 1013 3735 ab
1058 3674 1189 3751 ipso
1236 3673 1527 3732 Columba
1589 3691 1719 3730 cum
1782 3670 2089 3730 Bonifatio
2150 3672 2558 3748 comparando.

318 3762 620 3820 exordium
653 3762 975 3839 capiamus.
1034 3763 1369 3839 Utrumque
1398 3761 1682 3820 ecclesiae
1715 3759 2064 3847 Gallicanae
2103 3765 2328 3826 statum
2359 3779 2551 3818 emen·

458 3953 478 3984 ²
518 3951 599 4004 Cf.
624 3951 1025 4017 wattenbach,
1054 3952 1429 4021 Geschichtsq
1430 3952 1618 4005 uellen
1646 3949 1904 4018 1,p.103
1941 3953 2058 4002 not.
2085 3949 2116 4001 2
2155 3951 2214 4000 et
2235 3947 2548 4012 Diimmler‚

314 4019 713 4091 Forschungen
738 4041 837 4076 zur
864 4024 1179 4078 deutschen
1204 4023 1547 4080 Geschichte
1573 4021 1678 4085 VI,
1707 4038 1762 4088 Ρ.
1789 4021 1890 4076 116
1919 4037 2038 4088 sqq.
2084 3990 2550 4074 Vetustissimuni

220 4103 228 4113 '
316 4097 514 4157 autem,
557 4093 709 4162 quod
732 4099 935 4162 exstat,
962 4096 1035 4148 de
1055 4095 1286 4151 Kiliano
1313 4093 1698 4148 testimonium
1725 4096 2025 4160 utrumque
2052 4089 2223 4160 fugit3
2262 4090 2550 4144 invenitur

318 4164 460 4216 enim
500 4133 722 4216 kiliani
761 4183 965 4222 nomen
1003 4167 1063 4219 in
1099 4162 1455 4220 Kalendario
1481 4163 1683 4218 Karoli
1709 4161 1844 4234 Mag
1845 4163 1919 4227 ni,
1962 4161 2112 4230 quod
2153 4178 2432 4213 annexum
2461 4167 2549 4214 est

317 4233 619 4288 clarissimo
658 4234 747 4288 illi
786 4237 1082 4304 evangelio
1122 4237 1489 4291 Godesscalci
1527 4251 1675 4289 anno
1713 4182 1844 4288 781g
1860 4233 2202 4299 conscriptO,
2245 4231 2312 4284 cf.
2354 4230 2545 4301 Piper,

314 4303 479 4358 Karls
520 4303 617 4358 des
658 4304 908 4362 Grossen
945 4308 1355 4362 Kalendarium
1392 4308 1509 4361 und
1551 4304 1882 4360 Ostertafel.
1907 4335 1971 4344 —-
2001 4303 2154 4360 1858.
2196 4321 2251 4371 Ρ.
2280 4303 2365 4356 26.

2045 4391 2118 4444 8*
