<?xml version="1.0" encoding="UTF-8"?>
<!DOCTYPE html PUBLIC "-//W3C//DTD XHTML 1.0 Transitional//EN"
    "http://www.w3.org/TR/xhtml1/DTD/xhtml1-transitional.dtd">
<html xmlns="http://www.w3.org/1999/xhtml" xml:lang="en" lang="en">
 <head>
  <title>
</title>
<meta http-equiv="Content-Type" content="text/html;charset=utf-8" />
  <meta name='ocr-system' content='tesseract 3.04.00' />
  <meta name='ocr-capabilities' content='ocr_page ocr_carea ocr_par ocr_line ocrx_word'/>
</head>
<body>
  <div class='ocr_page' id='page_1' title='image "./antiquaebritonu01loofgoog_0115.png"; bbox 0 0 3167 4900; ppageno 0'>
   <div class='ocr_carea' id='block_1_1' title="bbox 11 2209 17 2840">
    <p class='ocr_par' dir='ltr' id='par_1_1' title="bbox 11 2209 17 2840">
     <span class='ocr_line' id='line_1_1' title="bbox 11 2209 17 2840; baseline 0 0"><span class='ocrx_word' id='word_1_1' title='bbox 11 2209 17 2840; x_wconf 95' lang='lat' dir='ltr'><strong> </strong></span> 
     </span>
    </p>
   </div>
   <div class='ocr_carea' id='block_1_2' title="bbox 1231 244 1661 299">
    <p class='ocr_par' dir='ltr' id='par_1_2' title="bbox 1231 244 1661 299">
     <span class='ocr_line' id='line_1_2' title="bbox 1231 244 1661 299; baseline 0 -14"><span class='ocrx_word' id='word_1_2' title='bbox 1231 244 1661 299; x_wconf 63' lang='grc'>-97-</span> 
     </span>
    </p>
   </div>
   <div class='ocr_carea' id='block_1_3' title="bbox 286 416 2610 4059">
    <p class='ocr_par' dir='ltr' id='par_1_3' title="bbox 309 416 2582 1300">
     <span class='ocr_line' id='line_1_3' title="bbox 326 416 2567 502; baseline 0.004 -29"><span class='ocrx_word' id='word_1_3' title='bbox 326 422 389 474; x_wconf 89' lang='lat' dir='ltr'><strong>et</strong></span> <span class='ocrx_word' id='word_1_4' title='bbox 436 418 516 473; x_wconf 74' lang='lat'><strong>29</strong></span> <span class='ocrx_word' id='word_1_5' title='bbox 565 416 703 493; x_wconf 89' lang='grc' dir='ltr'><strong>Β).</strong></span> <span class='ocrx_word' id='word_1_6' title='bbox 736 416 875 477; x_wconf 78' lang='lat' dir='ltr'><strong>‚ad</strong></span> <span class='ocrx_word' id='word_1_7' title='bbox 919 426 972 479; x_wconf 84' lang='lat' dir='ltr'><strong>te</strong></span> <span class='ocrx_word' id='word_1_8' title='bbox 1014 438 1264 500; x_wconf 79' lang='lat' dir='ltr'><strong>namque</strong></span> <span class='ocrx_word' id='word_1_9' title='bbox 1308 420 1482 479; x_wconf 77' lang='lat' dir='ltr'><strong>totius</strong></span> <span class='ocrx_word' id='word_1_10' title='bbox 1528 420 1804 481; x_wconf 72' lang='lat' dir='ltr'><strong>exercitus</strong></span> <span class='ocrx_word' id='word_1_11' title='bbox 1850 421 2120 481; x_wconf 77' lang='lat' dir='ltr'><strong>domini.</strong></span> <span class='ocrx_word' id='word_1_12' title='bbox 2200 422 2567 502; x_wconf 47' lang='lat' dir='ltr'><strong>spem&#39;eulum</strong></span> 
     </span>
     <span class='ocr_line' id='line_1_4' title="bbox 309 498 2582 591; baseline 0.004 -26"><span class='ocrx_word' id='word_1_13' title='bbox 309 504 579 583; x_wconf 73' lang='lat' dir='ltr'><strong><em>pertinet.</em></strong></span> <span class='ocrx_word' id='word_1_14' title='bbox 658 498 749 565; x_wconf 87' lang='lat' dir='ltr'><strong>Te</strong></span> <span class='ocrx_word' id='word_1_15' title='bbox 791 514 975 566; x_wconf 79' lang='lat' dir='ltr'><strong>totum</strong></span> <span class='ocrx_word' id='word_1_16' title='bbox 1020 517 1324 589; x_wconf 73' lang='lat' dir='ltr'><strong><em>exspectat,</em></strong></span> <span class='ocrx_word' id='word_1_17' title='bbox 1372 509 1475 590; x_wconf 81' lang='lat' dir='ltr'><strong>qui</strong></span> <span class='ocrx_word' id='word_1_18' title='bbox 1508 518 1850 589; x_wconf 76' lang='lat' dir='ltr'><strong>potestatem</strong></span> <span class='ocrx_word' id='word_1_19' title='bbox 1892 508 2066 571; x_wconf 74' lang='lat' dir='ltr'><strong>habes</strong></span> <span class='ocrx_word' id='word_1_20' title='bbox 2113 512 2278 587; x_wconf 64' lang='lat' dir='ltr'><strong>(Mat</strong></span> <span class='ocrx_word' id='word_1_21' title='bbox 2310 513 2582 591; x_wconf 86' lang='lat' dir='ltr'><strong>habens)·</strong></span> 
     </span>
     <span class='ocr_line' id='line_1_5' title="bbox 323 592 2564 679; baseline 0.005 -28"><span class='ocrx_word' id='word_1_22' title='bbox 323 592 521 652; x_wconf 71' lang='lat' dir='ltr'><strong>omnz&#39;a</strong></span> <span class='ocrx_word' id='word_1_23' title='bbox 560 594 899 667; x_wconf 78' lang='lat' dir='ltr'><strong>ordinandi,</strong></span> <span class='ocrx_word' id='word_1_24' title='bbox 934 592 1147 655; x_wconf 81' lang='lat' dir='ltr'><strong>bellum</strong></span> <span class='ocrx_word' id='word_1_25' title='bbox 1176 596 1528 671; x_wconf 65' lang='lat' dir='ltr'><strong>imbitumdi,</strong></span> <span class='ocrx_word' id='word_1_26' title='bbox 1560 598 1736 659; x_wconf 79' lang='lat' dir='ltr'><strong>duces</strong></span> <span class='ocrx_word' id='word_1_27' title='bbox 1767 598 2063 659; x_wconf 77' lang='lat' dir='ltr'><strong>excitandi</strong></span> <span class='ocrx_word' id='word_1_28' title='bbox 2091 606 2202 659; x_wconf 87' lang='lat' dir='ltr'><strong>ete.</strong></span> <span class='ocrx_word' id='word_1_29' title='bbox 2235 603 2317 678; x_wconf 88' lang='grc' dir='ltr'><strong>(Ρ</strong></span> <span class='ocrx_word' id='word_1_30' title='bbox 2351 603 2432 659; x_wconf 80' lang='lat'><strong>29</strong></span> <span class='ocrx_word' id='word_1_31' title='bbox 2467 603 2564 679; x_wconf 74' lang='lat' dir='ltr'><strong>F).</strong></span> 
     </span>
     <span class='ocr_line' id='line_1_6' title="bbox 320 682 2580 765; baseline 0.004 -24"><span class='ocrx_word' id='word_1_32' title='bbox 320 682 435 741; x_wconf 90' lang='lat' dir='ltr'><strong>His</strong></span> <span class='ocrx_word' id='word_1_33' title='bbox 480 684 681 742; x_wconf 80' lang='lat' dir='ltr'><strong>verbis</strong></span> <span class='ocrx_word' id='word_1_34' title='bbox 737 685 881 761; x_wconf 85' lang='lat' dir='ltr'><strong>quid</strong></span> <span class='ocrx_word' id='word_1_35' title='bbox 928 686 1145 745; x_wconf 83' lang='lat' dir='ltr'><strong>clarius</strong></span> <span class='ocrx_word' id='word_1_36' title='bbox 1159 686 1188 745; x_wconf 69' lang='lat' dir='ltr'>P</span> <span class='ocrx_word' id='word_1_37' title='bbox 1280 687 1600 747; x_wconf 87' lang='lat' dir='ltr'><strong>Proferant</strong></span> <span class='ocrx_word' id='word_1_38' title='bbox 1645 689 1993 765; x_wconf 80' lang='lat' dir='ltr'><strong>scriptorem</strong></span> <span class='ocrx_word' id='word_1_39' title='bbox 2041 690 2302 765; x_wconf 83' lang='lat' dir='ltr'><strong>ejusdem</strong></span> <span class='ocrx_word' id='word_1_40' title='bbox 2349 692 2580 751; x_wconf 74' lang='lat' dir='ltr'><strong>aetatis</strong></span> 
     </span>
     <span class='ocr_line' id='line_1_7' title="bbox 317 770 2562 858; baseline 0.005 -30"><span class='ocrx_word' id='word_1_41' title='bbox 317 770 627 831; x_wconf 86' lang='lat' dir='ltr'><strong>Ebrardus</strong></span> <span class='ocrx_word' id='word_1_42' title='bbox 674 780 735 831; x_wconf 88' lang='lat' dir='ltr'><strong>et</strong></span> <span class='ocrx_word' id='word_1_43' title='bbox 781 774 1147 849; x_wconf 88' lang='lat' dir='ltr'><strong>Warrenius,</strong></span> <span class='ocrx_word' id='word_1_44' title='bbox 1192 777 1539 853; x_wconf 79' lang='lat' dir='ltr'><strong>producant,</strong></span> <span class='ocrx_word' id='word_1_45' title='bbox 1588 778 1640 837; x_wconf 87' lang='lat' dir='ltr'><strong>si</strong></span> <span class='ocrx_word' id='word_1_46' title='bbox 1683 785 1951 855; x_wconf 88' lang='lat' dir='ltr'><strong>possunt,</strong></span> <span class='ocrx_word' id='word_1_47' title='bbox 1997 780 2092 837; x_wconf 87' lang='lat' dir='ltr'><strong>vel</strong></span> <span class='ocrx_word' id='word_1_48' title='bbox 2139 779 2328 837; x_wconf 83' lang='lat' dir='ltr'><strong>civem</strong></span> <span class='ocrx_word' id='word_1_49' title='bbox 2373 780 2562 858; x_wconf 88' lang='lat' dir='ltr'><strong>ipsius</strong></span> 
     </span>
     <span class='ocr_line' id='line_1_8' title="bbox 314 857 2564 946; baseline 0.004 -29"><span class='ocrx_word' id='word_1_50' title='bbox 314 860 483 920; x_wconf 85' lang='lat' dir='ltr'><strong>urbis</strong></span> <span class='ocrx_word' id='word_1_51' title='bbox 526 857 781 935; x_wconf 86' lang='lat' dir='ltr'><strong>Romae,</strong></span> <span class='ocrx_word' id='word_1_52' title='bbox 831 864 935 939; x_wconf 87' lang='lat' dir='ltr'><strong>qui</strong></span> <span class='ocrx_word' id='word_1_53' title='bbox 980 864 1273 923; x_wconf 71' lang='lat' dir='ltr'>similibus</span> <span class='ocrx_word' id='word_1_54' title='bbox 1318 867 1515 925; x_wconf 88' lang='lat' dir='ltr'><strong>verbis</strong></span> <span class='ocrx_word' id='word_1_55' title='bbox 1560 866 1845 941; x_wconf 86' lang='lat' dir='ltr'><strong>loquatur</strong></span> <span class='ocrx_word' id='word_1_56' title='bbox 1891 867 1966 924; x_wconf 89' lang='lat' dir='ltr'><strong>de</strong></span> <span class='ocrx_word' id='word_1_57' title='bbox 2009 874 2306 945; x_wconf 70' lang='lat' dir='ltr'><strong>potestate</strong></span> <span class='ocrx_word' id='word_1_58' title='bbox 2351 888 2564 946; x_wconf 87' lang='lat' dir='ltr'><strong>papae.</strong></span> 
     </span>
     <span class='ocr_line' id='line_1_9' title="bbox 315 947 2560 1034; baseline 0.004 -29"><span class='ocrx_word' id='word_1_59' title='bbox 315 947 486 1007; x_wconf 83' lang='lat' dir='ltr'><strong>Luce</strong></span> <span class='ocrx_word' id='word_1_60' title='bbox 528 951 745 1009; x_wconf 85' lang='lat' dir='ltr'><strong>clarius</strong></span> <span class='ocrx_word' id='word_1_61' title='bbox 791 960 881 1011; x_wconf 87' lang='lat' dir='ltr'><strong>est</strong></span> <span class='ocrx_word' id='word_1_62' title='bbox 912 951 1263 1013; x_wconf 84' lang='lat' dir='ltr'><strong>Columbam</strong></span> <span class='ocrx_word' id='word_1_63' title='bbox 1302 955 1576 1032; x_wconf 84' lang='lat' dir='ltr'><strong>episcopo</strong></span> <span class='ocrx_word' id='word_1_64' title='bbox 1608 956 1765 1013; x_wconf 87' lang='lat' dir='ltr'><strong>sedis</strong></span> <span class='ocrx_word' id='word_1_65' title='bbox 1796 955 2118 1029; x_wconf 80' lang='lat' dir='ltr'><strong>Romanae,</strong></span> <span class='ocrx_word' id='word_1_66' title='bbox 2165 962 2375 1034; x_wconf 88' lang='lat' dir='ltr'><strong>utpote</strong></span> <span class='ocrx_word' id='word_1_67' title='bbox 2407 977 2560 1034; x_wconf 89' lang='lat' dir='ltr'><strong>quae</strong></span> 
     </span>
     <span class='ocr_line' id='line_1_10' title="bbox 311 1037 2575 1129; baseline 0.004 -34"><span class='ocrx_word' id='word_1_68' title='bbox 311 1037 573 1115; x_wconf 83' lang='lat' dir='ltr'><strong>insignis</strong></span> <span class='ocrx_word' id='word_1_69' title='bbox 614 1048 769 1099; x_wconf 86' lang='lat' dir='ltr'><strong>esset</strong></span> <span class='ocrx_word' id='word_1_70' title='bbox 812 1042 1138 1101; x_wconf 81' lang='lat' dir='ltr'><strong>traditione</strong></span> <span class='ocrx_word' id='word_1_71' title='bbox 1186 1064 1221 1101; x_wconf 88' lang='lat' dir='ltr'><strong>a</strong></span> <span class='ocrx_word' id='word_1_72' title='bbox 1251 1044 1437 1103; x_wconf 90' lang='lat' dir='ltr'><strong>Petro</strong></span> <span class='ocrx_word' id='word_1_73' title='bbox 1485 1049 1545 1101; x_wconf 89' lang='lat' dir='ltr'><strong>et</strong></span> <span class='ocrx_word' id='word_1_74' title='bbox 1575 1044 1768 1101; x_wconf 85' lang='lat' dir='ltr'><strong>Paulo</strong></span> <span class='ocrx_word' id='word_1_75' title='bbox 1799 1046 2084 1120; x_wconf 85' lang='lat' dir='ltr'><strong>profecta,</strong></span> <span class='ocrx_word' id='word_1_76' title='bbox 2134 1046 2367 1122; x_wconf 87' lang='lat' dir='ltr'><strong>quoad</strong></span> <span class='ocrx_word' id='word_1_77' title='bbox 2411 1051 2558 1129; x_wconf 84' lang='lat' dir='ltr'><strong>tra·</strong></span> <span class='ocrx_word' id='word_1_78' title='bbox 2570 1060 2575 1068; x_wconf 85' lang='grc'><strong>“</strong></span> 
     </span>
     <span class='ocr_line' id='line_1_11' title="bbox 314 1122 2561 1209; baseline 0.004 -24"><span class='ocrx_word' id='word_1_79' title='bbox 314 1128 667 1187; x_wconf 85' lang='lat' dir='ltr'><strong>ditionem</strong></span> <span class='ocrx_word' id='word_1_80' title='bbox 720 1129 920 1189; x_wconf 88' lang='lat' dir='ltr'><strong>illam</strong></span> <span class='ocrx_word' id='word_1_81' title='bbox 966 1140 1395 1209; x_wconf 82' lang='lat' dir='ltr'><strong>sequeretur</strong></span> <span class='ocrx_word' id='word_1_82' title='bbox 1440 1132 1794 1193; x_wconf 80' lang='lat' dir='ltr'><strong>concessisse</strong></span> <span class='ocrx_word' id='word_1_83' title='bbox 1839 1150 2126 1191; x_wconf 85' lang='lat' dir='ltr'><strong>summam</strong></span> <span class='ocrx_word' id='word_1_84' title='bbox 2172 1135 2236 1191; x_wconf 88' lang='lat' dir='ltr'><strong>in</strong></span> <span class='ocrx_word' id='word_1_85' title='bbox 2281 1122 2561 1194; x_wconf 83' lang='lat' dir='ltr'><strong>universa</strong></span> 
     </span>
     <span class='ocr_line' id='line_1_12' title="bbox 312 1218 1734 1300; baseline 0.003 -26"><span class='ocrx_word' id='word_1_86' title='bbox 312 1218 560 1276; x_wconf 78' lang='lat' dir='ltr'><strong>ecclesia</strong></span> <span class='ocrx_word' id='word_1_87' title='bbox 605 1218 855 1278; x_wconf 88' lang='lat' dir='ltr'><strong>docendi</strong></span> <span class='ocrx_word' id='word_1_88' title='bbox 900 1227 962 1279; x_wconf 90' lang='lat' dir='ltr'><strong>et</strong></span> <span class='ocrx_word' id='word_1_89' title='bbox 1000 1222 1311 1297; x_wconf 87' lang='lat' dir='ltr'><strong>judicandi</strong></span> <span class='ocrx_word' id='word_1_90' title='bbox 1355 1227 1734 1300; x_wconf 87' lang='lat' dir='ltr'><strong>potestatem.</strong></span> 
     </span>
    </p>

    <p class='ocr_par' dir='ltr' id='par_1_4' title="bbox 290 1306 2557 2634">
     <span class='ocr_line' id='line_1_13' title="bbox 489 1306 2556 1389; baseline 0.003 -24"><span class='ocrx_word' id='word_1_91' title='bbox 489 1306 666 1365; x_wconf 88' lang='lat' dir='ltr'><strong>Unde</strong></span> <span class='ocrx_word' id='word_1_92' title='bbox 712 1309 984 1385; x_wconf 86' lang='lat' dir='ltr'><strong>sequitur</strong></span> <span class='ocrx_word' id='word_1_93' title='bbox 1030 1310 1379 1371; x_wconf 85' lang='lat' dir='ltr'><strong>Columbam</strong></span> <span class='ocrx_word' id='word_1_94' title='bbox 1426 1312 1499 1369; x_wconf 91' lang='lat' dir='ltr'><strong>de</strong></span> <span class='ocrx_word' id='word_1_95' title='bbox 1543 1310 1846 1383; x_wconf 85' lang='lat' dir='ltr'><strong>omnibus,</strong></span> <span class='ocrx_word' id='word_1_96' title='bbox 1904 1329 2055 1386; x_wconf 89' lang='lat' dir='ltr'><strong>quae</strong></span> <span class='ocrx_word' id='word_1_97' title='bbox 2102 1310 2374 1389; x_wconf 88' lang='lat' dir='ltr'><strong>publicae</strong></span> <span class='ocrx_word' id='word_1_98' title='bbox 2421 1311 2556 1371; x_wconf 86' lang='lat' dir='ltr'><strong>doc-</strong></span> 
     </span>
     <span class='ocr_line' id='line_1_14' title="bbox 312 1396 2556 1476; baseline 0.002 -21"><span class='ocrx_word' id='word_1_99' title='bbox 312 1396 515 1455; x_wconf 81' lang='lat' dir='ltr'><strong>trinae·</strong></span> <span class='ocrx_word' id='word_1_100' title='bbox 568 1405 765 1470; x_wconf 89' lang='lat' dir='ltr'><strong>erant,</strong></span> <span class='ocrx_word' id='word_1_101' title='bbox 827 1400 1194 1459; x_wconf 86' lang='lat' dir='ltr'><strong>consensisse</strong></span> <span class='ocrx_word' id='word_1_102' title='bbox 1256 1420 1387 1459; x_wconf 90' lang='lat' dir='ltr'><strong>cum</strong></span> <span class='ocrx_word' id='word_1_103' title='bbox 1444 1400 1692 1459; x_wconf 89' lang='lat' dir='ltr'><strong>ecclesia</strong></span> <span class='ocrx_word' id='word_1_104' title='bbox 1745 1398 2019 1457; x_wconf 85' lang='lat' dir='ltr'><strong>Romana</strong></span> <span class='ocrx_word' id='word_1_105' title='bbox 2075 1420 2144 1459; x_wconf 88' lang='lat' dir='ltr'><strong>ac</strong></span> <span class='ocrx_word' id='word_1_106' title='bbox 2199 1400 2439 1476; x_wconf 88' lang='lat' dir='ltr'><strong>quidem</strong></span> <span class='ocrx_word' id='word_1_107' title='bbox 2491 1400 2556 1459; x_wconf 89' lang='lat' dir='ltr'><strong>id</strong></span> 
     </span>
     <span class='ocr_line' id='line_1_15' title="bbox 309 1485 2555 1564; baseline 0.002 -21"><span class='ocrx_word' id='word_1_108' title='bbox 309 1485 627 1562; x_wconf 70' lang='lat' dir='ltr'><strong>tempoliS,</strong></span> <span class='ocrx_word' id='word_1_109' title='bbox 668 1504 826 1560; x_wconf 90' lang='lat' dir='ltr'><strong>cum,</strong></span> <span class='ocrx_word' id='word_1_110' title='bbox 874 1503 1027 1564; x_wconf 85' lang='lat' dir='ltr'><strong>quae</strong></span> <span class='ocrx_word' id='word_1_111' title='bbox 1074 1495 1229 1549; x_wconf 87' lang='lat' dir='ltr'><strong>esset</strong></span> <span class='ocrx_word' id='word_1_112' title='bbox 1274 1489 1548 1548; x_wconf 86' lang='lat' dir='ltr'><strong>Romana</strong></span> <span class='ocrx_word' id='word_1_113' title='bbox 1595 1488 1949 1548; x_wconf 83' lang='lat' dir='ltr'><strong>christianae</strong></span> <span class='ocrx_word' id='word_1_114' title='bbox 1985 1488 2303 1547; x_wconf 87' lang='lat' dir='ltr'><strong>doctrinae</strong></span> <span class='ocrx_word' id='word_1_115' title='bbox 2347 1490 2555 1562; x_wconf 82' lang='lat' dir='ltr'><strong>forma,</strong></span> 
     </span>
     <span class='ocr_line' id='line_1_16' title="bbox 310 1577 2554 1656; baseline 0.002 -23"><span class='ocrx_word' id='word_1_116' title='bbox 310 1580 677 1651; x_wconf 87' lang='lat' dir='ltr'><strong>compertum</strong></span> <span class='ocrx_word' id='word_1_117' title='bbox 718 1578 845 1652; x_wconf 83' lang='lat' dir='ltr'><strong>jam</strong></span> <span class='ocrx_word' id='word_1_118' title='bbox 890 1577 1172 1651; x_wconf 88' lang='lat' dir='ltr'><strong>habebat,</strong></span> <span class='ocrx_word' id='word_1_119' title='bbox 1218 1598 1356 1636; x_wconf 90' lang='lat' dir='ltr'><strong>nam</strong></span> <span class='ocrx_word' id='word_1_120' title='bbox 1404 1578 1660 1655; x_wconf 82' lang='lat' dir='ltr'><strong>epistula</strong></span> <span class='ocrx_word' id='word_1_121' title='bbox 1691 1578 1796 1635; x_wconf 90' lang='lat' dir='ltr'><strong>illa</strong></span> <span class='ocrx_word' id='word_1_122' title='bbox 1827 1577 1904 1635; x_wconf 88' lang='lat' dir='ltr'><strong>ad</strong></span> <span class='ocrx_word' id='word_1_123' title='bbox 1934 1577 2302 1637; x_wconf 79' lang='lat' dir='ltr'><strong>Bonifatium</strong></span> <span class='ocrx_word' id='word_1_124' title='bbox 2334 1597 2554 1656; x_wconf 85' lang='lat' dir='ltr'><strong>papam</strong></span> 
     </span>
     <span class='ocr_line' id='line_1_17' title="bbox 308 1661 2552 1744; baseline 0.002 -23"><span class='ocrx_word' id='word_1_125' title='bbox 308 1662 511 1736; x_wconf 87' lang='lat' dir='ltr'><strong>missa,</strong></span> <span class='ocrx_word' id='word_1_126' title='bbox 562 1684 681 1741; x_wconf 87' lang='lat' dir='ltr'><strong>qua</strong></span> <span class='ocrx_word' id='word_1_127' title='bbox 723 1661 1097 1743; x_wconf 85' lang='lat' dir='ltr'><strong>potissimum</strong></span> <span class='ocrx_word' id='word_1_128' title='bbox 1143 1667 1235 1725; x_wconf 89' lang='lat' dir='ltr'><strong>usi</strong></span> <span class='ocrx_word' id='word_1_129' title='bbox 1280 1688 1508 1739; x_wconf 90' lang='lat' dir='ltr'><strong>sumus,</strong></span> <span class='ocrx_word' id='word_1_130' title='bbox 1550 1670 1676 1742; x_wconf 86' lang='lat' dir='ltr'><strong>jam</strong></span> <span class='ocrx_word' id='word_1_131' title='bbox 1721 1666 1785 1722; x_wconf 92' lang='lat' dir='ltr'><strong>in</strong></span> <span class='ocrx_word' id='word_1_132' title='bbox 1830 1665 2015 1723; x_wconf 87' lang='lat' dir='ltr'><strong>Italia</strong></span> <span class='ocrx_word' id='word_1_133' title='bbox 2062 1667 2398 1744; x_wconf 75' lang='lat' dir='ltr'><strong>conscripta</strong></span> <span class='ocrx_word' id='word_1_134' title='bbox 2445 1672 2552 1725; x_wconf 87' lang='lat' dir='ltr'><strong>est.</strong></span> 
     </span>
     <span class='ocr_line' id='line_1_18' title="bbox 305 1751 2554 1836; baseline 0.002 -25"><span class='ocrx_word' id='word_1_135' title='bbox 305 1751 513 1829; x_wconf 71' lang='lat' dir='ltr'><strong>Neque</strong></span> <span class='ocrx_word' id='word_1_136' title='bbox 562 1787 646 1797; x_wconf 90' lang='grc'><strong>--</strong></span> <span class='ocrx_word' id='word_1_137' title='bbox 694 1752 780 1826; x_wconf 90' lang='lat' dir='ltr'><strong>id,</strong></span> <span class='ocrx_word' id='word_1_138' title='bbox 845 1755 1004 1830; x_wconf 90' lang='lat' dir='ltr'><strong>quod</strong></span> <span class='ocrx_word' id='word_1_139' title='bbox 1056 1756 1182 1832; x_wconf 86' lang='lat' dir='ltr'><strong>jam</strong></span> <span class='ocrx_word' id='word_1_140' title='bbox 1239 1776 1347 1834; x_wconf 90' lang='lat' dir='ltr'><strong>per</strong></span> <span class='ocrx_word' id='word_1_141' title='bbox 1405 1776 1467 1815; x_wconf 88' lang='lat' dir='ltr'><strong>se</strong></span> <span class='ocrx_word' id='word_1_142' title='bbox 1527 1754 1880 1814; x_wconf 83' lang='lat' dir='ltr'><strong>incredibile</strong></span> <span class='ocrx_word' id='word_1_143' title='bbox 1938 1760 2054 1833; x_wconf 84' lang='lat' dir='ltr'><strong>est,</strong></span> <span class='ocrx_word' id='word_1_144' title='bbox 2117 1774 2254 1812; x_wconf 86' lang='lat' dir='ltr'><strong>nam</strong></span> <span class='ocrx_word' id='word_1_145' title='bbox 2315 1756 2554 1836; x_wconf 82' lang='lat' dir='ltr'><strong>saepius</strong></span> 
     </span>
     <span class='ocr_line' id='line_1_19' title="bbox 306 1839 2552 1924; baseline 0.001 -26"><span class='ocrx_word' id='word_1_146' title='bbox 306 1839 595 1899; x_wconf 83' lang='lat' dir='ltr'><strong>Columba</strong></span> <span class='ocrx_word' id='word_1_147' title='bbox 626 1862 690 1900; x_wconf 87' lang='lat' dir='ltr'><strong>se</strong></span> <span class='ocrx_word' id='word_1_148' title='bbox 720 1842 913 1920; x_wconf 88' lang='lat' dir='ltr'><strong>ipsum</strong></span> <span class='ocrx_word' id='word_1_149' title='bbox 938 1842 1379 1903; x_wconf 83' lang='lat' dir='ltr'><strong>induxitunum</strong></span> <span class='ocrx_word' id='word_1_150' title='bbox 1404 1866 1513 1924; x_wconf 87' lang='lat' dir='ltr'><strong>pro</strong></span> <span class='ocrx_word' id='word_1_151' title='bbox 1538 1844 1810 1903; x_wconf 81' lang='lat' dir='ltr'><strong>omnibus</strong></span> <span class='ocrx_word' id='word_1_152' title='bbox 1832 1842 2122 1901; x_wconf 83' lang='lat' dir='ltr'><strong>Hibernis</strong></span> <span class='ocrx_word' id='word_1_153' title='bbox 2145 1842 2442 1901; x_wconf 83' lang='lat' dir='ltr'><strong>dicentem</strong></span> <span class='ocrx_word' id='word_1_154' title='bbox 2463 1853 2552 1888; x_wconf 80' lang='lat'><strong>—&#39;—</strong></span> 
     </span>
     <span class='ocr_line' id='line_1_20' title="bbox 303 1929 2552 2010; baseline 0.002 -23"><span class='ocrx_word' id='word_1_155' title='bbox 303 1929 409 1987; x_wconf 81' lang='lat' dir='ltr'><strong>illa</strong></span> <span class='ocrx_word' id='word_1_156' title='bbox 462 1931 759 1990; x_wconf 87' lang='lat' dir='ltr'><strong>sententia</strong></span> <span class='ocrx_word' id='word_1_157' title='bbox 805 1933 1048 2010; x_wconf 88' lang='lat' dir='ltr'><strong>propria</strong></span> <span class='ocrx_word' id='word_1_158' title='bbox 1097 1940 1227 1993; x_wconf 89' lang='lat' dir='ltr'><strong>erat</strong></span> <span class='ocrx_word' id='word_1_159' title='bbox 1272 1935 1449 1993; x_wconf 87' lang='lat' dir='ltr'><strong>unius</strong></span> <span class='ocrx_word' id='word_1_160' title='bbox 1494 1933 1843 2004; x_wconf 82' lang='lat' dir='ltr'><strong>Columbae,</strong></span> <span class='ocrx_word' id='word_1_161' title='bbox 1907 1932 2124 1990; x_wconf 83' lang='lat' dir='ltr'><strong>similia</strong></span> <span class='ocrx_word' id='word_1_162' title='bbox 2169 1937 2332 2002; x_wconf 87' lang='lat' dir='ltr'><strong>sunt,</strong></span> <span class='ocrx_word' id='word_1_163' title='bbox 2397 1952 2552 2007; x_wconf 87' lang='lat' dir='ltr'><strong>quae</strong></span> 
     </span>
     <span class='ocr_line' id='line_1_21' title="bbox 300 2016 2552 2103; baseline 0.001 -27"><span class='ocrx_word' id='word_1_164' title='bbox 300 2016 490 2077; x_wconf 86' lang='lat' dir='ltr'><strong>Jonas</strong></span> <span class='ocrx_word' id='word_1_165' title='bbox 512 2017 831 2081; x_wconf 84' lang='lat' dir='ltr'><strong>Bobiensis</strong></span> <span class='ocrx_word' id='word_1_166' title='bbox 854 2021 1033 2080; x_wconf 84' lang='lat' dir='ltr'><strong>dixit·</strong></span> <span class='ocrx_word' id='word_1_167' title='bbox 1073 2018 1533 2103; x_wconf 63' lang='lat' dir='ltr'><strong>„Aeqztilejenses</strong></span> <span class='ocrx_word' id='word_1_168' title='bbox 1556 2019 1895 2081; x_wconf 59' lang='lat' dir='ltr'><strong>dissentiunt</strong></span> <span class='ocrx_word' id='word_1_169' title='bbox 1917 2040 1960 2079; x_wconf 81' lang='lat' dir='ltr'><strong>a</strong></span> <span class='ocrx_word' id='word_1_170' title='bbox 1978 2018 2378 2079; x_wconf 70' lang='lat' dir='ltr'><strong>communione</strong></span> <span class='ocrx_word' id='word_1_171' title='bbox 2399 2020 2552 2080; x_wconf 77' lang='lat' dir='ltr'><strong>sedis</strong></span> 
     </span>
     <span class='ocr_line' id='line_1_22' title="bbox 300 2104 2550 2211; baseline 0.002 -48"><span class='ocrx_word' id='word_1_172' title='bbox 300 2104 667 2211; x_wconf 75' lang='lat' dir='ltr'><strong>apostolicae,</strong></span> <span class='ocrx_word' id='word_1_173' title='bbox 714 2108 795 2168; x_wconf 81' lang='lat' dir='ltr'><strong>de</strong></span> <span class='ocrx_word' id='word_1_174' title='bbox 830 2128 949 2189; x_wconf 78' lang='lat' dir='ltr'><strong>qua</strong></span> <span class='ocrx_word' id='word_1_175' title='bbox 994 2110 1265 2171; x_wconf 66' lang='lat' dir='ltr'><strong>domim-s</strong></span> <span class='ocrx_word' id='word_1_176' title='bbox 1308 2110 1371 2171; x_wconf 83' lang='lat' dir='ltr'><strong>in</strong></span> <span class='ocrx_word' id='word_1_177' title='bbox 1415 2108 1706 2191; x_wconf 70' lang='lat' dir='ltr'><strong>evanyelio</strong></span> <span class='ocrx_word' id='word_1_178' title='bbox 1751 2109 1836 2169; x_wconf 81' lang='lat' dir='ltr'><strong>ad</strong></span> <span class='ocrx_word' id='word_1_179' title='bbox 1880 2106 2108 2169; x_wconf 52' lang='lat' dir='ltr'><strong>&amp;atum</strong></span> <span class='ocrx_word' id='word_1_180' title='bbox 2152 2104 2550 2187; x_wconf 71' lang='lat' dir='ltr'><strong>apostolorum</strong></span> 
     </span>
     <span class='ocr_line' id='line_1_23' title="bbox 290 2194 2524 2280; baseline 0.001 -26"><span class='ocrx_word' id='word_1_181' title='bbox 290 2194 620 2275; x_wconf 64' lang='lat' dir='ltr'><strong>principem</strong></span> <span class='ocrx_word' id='word_1_182' title='bbox 652 2194 900 2258; x_wconf 77' lang='lat' dir='ltr'><strong>Petrum</strong></span> <span class='ocrx_word' id='word_1_183' title='bbox 947 2196 1231 2280; x_wconf 74' lang='lat' dir='ltr'><strong>loquitur:</strong></span> <span class='ocrx_word' id='word_1_184' title='bbox 1273 2209 1336 2259; x_wconf 79' lang='lat' dir='ltr'><strong>tu</strong></span> <span class='ocrx_word' id='word_1_185' title='bbox 1366 2220 1425 2261; x_wconf 79' lang='lat' dir='ltr'><strong>es</strong></span> <span class='ocrx_word' id='word_1_186' title='bbox 1456 2209 1554 2260; x_wconf 76' lang='lat' dir='ltr'><strong>etc.</strong></span> <span class='ocrx_word' id='word_1_187' title='bbox 1588 2196 1860 2273; x_wconf 71' lang='lat' dir='ltr'><strong>Mt.,16‚</strong></span> <span class='ocrx_word' id='word_1_188' title='bbox 1912 2202 2018 2257; x_wconf 66' lang='lat'><strong>18²⁴</strong></span> <span class='ocrx_word' id='word_1_189' title='bbox 2059 2198 2188 2274; x_wconf 80' lang='lat' dir='ltr'><strong>(vit.</strong></span> <span class='ocrx_word' id='word_1_190' title='bbox 2221 2196 2524 2257; x_wconf 83' lang='lat' dir='ltr'><strong>Eustas.7</strong></span> 
     </span>
     <span class='ocr_line' id='line_1_24' title="bbox 298 2285 2549 2390; baseline 0 -46"><span class='ocrx_word' id='word_1_191' title='bbox 298 2286 453 2345; x_wconf 76' lang='lat' dir='ltr'><strong>Mab.</strong></span> <span class='ocrx_word' id='word_1_192' title='bbox 487 2285 573 2359; x_wconf 92' lang='lat' dir='ltr'><strong>II,</strong></span> <span class='ocrx_word' id='word_1_193' title='bbox 609 2306 745 2345; x_wconf 91' lang='lat' dir='ltr'><strong>ann.</strong></span> <span class='ocrx_word' id='word_1_194' title='bbox 780 2288 926 2357; x_wconf 83' lang='lat'><strong>625,</strong></span> <span class='ocrx_word' id='word_1_195' title='bbox 957 2308 1013 2365; x_wconf 92' lang='grc' dir='ltr'><strong>Ρ.</strong></span> <span class='ocrx_word' id='word_1_196' title='bbox 1054 2291 1229 2365; x_wconf 86' lang='grc'><strong>119).·</strong></span> <span class='ocrx_word' id='word_1_197' title='bbox 1266 2291 1545 2367; x_wconf 85' lang='lat' dir='ltr'><strong>Denique</strong></span> <span class='ocrx_word' id='word_1_198' title='bbox 1576 2288 1822 2390; x_wconf 38' lang='lat' dir='ltr'><strong>dignu-m</strong></span> <span class='ocrx_word' id='word_1_199' title='bbox 1855 2292 1944 2346; x_wconf 85' lang='lat' dir='ltr'><strong>est</strong></span> <span class='ocrx_word' id='word_1_200' title='bbox 1975 2286 2549 2360; x_wconf 77' lang='lat' dir='ltr'><strong>commemoratione,</strong></span> 
     </span>
     <span class='ocr_line' id='line_1_25' title="bbox 300 2375 2548 2457; baseline 0 -25"><span class='ocrx_word' id='word_1_201' title='bbox 300 2375 457 2452; x_wconf 85' lang='lat' dir='ltr'><strong>quod</strong></span> <span class='ocrx_word' id='word_1_202' title='bbox 497 2376 763 2435; x_wconf 87' lang='lat' dir='ltr'><strong>omnium</strong></span> <span class='ocrx_word' id='word_1_203' title='bbox 794 2377 1119 2437; x_wconf 89' lang='lat' dir='ltr'><strong>occidentis</strong></span> <span class='ocrx_word' id='word_1_204' title='bbox 1150 2380 1645 2437; x_wconf 87' lang='lat' dir='ltr'><strong>monasteriorum</strong></span> <span class='ocrx_word' id='word_1_205' title='bbox 1676 2378 1936 2457; x_wconf 88' lang='lat' dir='ltr'><strong>primum</strong></span> <span class='ocrx_word' id='word_1_206' title='bbox 1953 2376 2266 2434; x_wconf 57' lang='lat' dir='ltr'><strong>{lobiense</strong></span> <span class='ocrx_word' id='word_1_207' title='bbox 2295 2382 2548 2453; x_wconf 76' lang='lat' dir='ltr'><strong>rogante</strong></span> 
     </span>
     <span class='ocr_line' id='line_1_26' title="bbox 297 2465 2557 2545; baseline -0 -22"><span class='ocrx_word' id='word_1_208' title='bbox 297 2465 518 2524; x_wconf 77' lang='lat' dir='ltr'><strong>abbate</strong></span> <span class='ocrx_word' id='word_1_209' title='bbox 564 2487 721 2526; x_wconf 90' lang='lat' dir='ltr'><strong>anno</strong></span> <span class='ocrx_word' id='word_1_210' title='bbox 758 2469 886 2543; x_wconf 87' lang='lat' dir='ltr'><strong>jam</strong></span> <span class='ocrx_word' id='word_1_211' title='bbox 920 2469 1047 2526; x_wconf 79' lang='lat'><strong>628</strong></span> <span class='ocrx_word' id='word_1_212' title='bbox 1096 2469 1368 2545; x_wconf 89' lang='lat' dir='ltr'><strong>neglecta</strong></span> <span class='ocrx_word' id='word_1_213' title='bbox 1411 2470 1507 2528; x_wconf 83' lang='lat' dir='ltr'><strong>vel</strong></span> <span class='ocrx_word' id='word_1_214' title='bbox 1553 2475 1782 2527; x_wconf 87' lang='lat' dir='ltr'><strong>remota</strong></span> <span class='ocrx_word' id='word_1_215' title='bbox 1829 2466 2092 2544; x_wconf 84' lang='lat' dir='ltr'><strong>episcopi</strong></span> <span class='ocrx_word' id='word_1_216' title='bbox 2131 2465 2557 2540; x_wconf 77' lang='lat' dir='ltr'><strong>jurisdictione·</strong></span> 
     </span>
     <span class='ocr_line' id='line_1_27' title="bbox 297 2554 2162 2634; baseline -0.001 -22"><span class='ocrx_word' id='word_1_217' title='bbox 297 2554 406 2613; x_wconf 87' lang='lat' dir='ltr'><strong>s&#39;oli</strong></span> <span class='ocrx_word' id='word_1_218' title='bbox 449 2573 643 2632; x_wconf 87' lang='lat' dir='ltr'><strong>papae</strong></span> <span class='ocrx_word' id='word_1_219' title='bbox 690 2557 1021 2631; x_wconf 89' lang='lat' dir='ltr'><strong>subjectum</strong></span> <span class='ocrx_word' id='word_1_220' title='bbox 1070 2564 1163 2616; x_wconf 90' lang='lat' dir='ltr'><strong>est</strong></span> <span class='ocrx_word' id='word_1_221' title='bbox 1208 2559 1306 2633; x_wconf 85' lang='lat' dir='ltr'><strong>(cf.</strong></span> <span class='ocrx_word' id='word_1_222' title='bbox 1352 2557 1668 2633; x_wconf 80' lang='lat' dir='ltr'><strong>Harttung</strong></span> <span class='ocrx_word' id='word_1_223' title='bbox 1710 2577 1767 2634; x_wconf 91' lang='lat' dir='ltr'><strong>p.</strong></span> <span class='ocrx_word' id='word_1_224' title='bbox 1817 2555 2122 2628; x_wconf 79' lang='lat'><strong>62·-·-69).</strong></span> <span class='ocrx_word' id='word_1_225' title='bbox 2159 2623 2162 2628; x_wconf 21' lang='grc' dir='ltr'>Ι</span> 
     </span>
    </p>

    <p class='ocr_par' dir='ltr' id='par_1_5' title="bbox 286 2643 2610 4059">
     <span class='ocr_line' id='line_1_28' title="bbox 476 2643 2547 2723; baseline -0 -21"><span class='ocrx_word' id='word_1_226' title='bbox 476 2645 647 2718; x_wconf 78' lang='lat' dir='ltr'><strong>Quae</strong></span> <span class='ocrx_word' id='word_1_227' title='bbox 693 2665 823 2706; x_wconf 90' lang='lat' dir='ltr'><strong>cum</strong></span> <span class='ocrx_word' id='word_1_228' title='bbox 871 2646 957 2704; x_wconf 83' lang='lat' dir='ltr'><strong>ita</strong></span> <span class='ocrx_word' id='word_1_229' title='bbox 1003 2647 1142 2720; x_wconf 88' lang='lat' dir='ltr'><strong>sint,</strong></span> <span class='ocrx_word' id='word_1_230' title='bbox 1190 2646 1586 2723; x_wconf 83' lang='lat' dir='ltr'><strong>colligendum</strong></span> <span class='ocrx_word' id='word_1_231' title='bbox 1634 2653 1726 2704; x_wconf 88' lang='lat' dir='ltr'><strong>est</strong></span> <span class='ocrx_word' id='word_1_232' title='bbox 1765 2643 2072 2703; x_wconf 87' lang='lat' dir='ltr'><strong>ecclesiam</strong></span> <span class='ocrx_word' id='word_1_233' title='bbox 2104 2643 2284 2713; x_wconf 87' lang='lat' dir='ltr'><strong>illam,</strong></span> <span class='ocrx_word' id='word_1_234' title='bbox 2330 2643 2392 2702; x_wconf 90' lang='lat' dir='ltr'><strong>in</strong></span> <span class='ocrx_word' id='word_1_235' title='bbox 2427 2661 2547 2719; x_wconf 89' lang='lat' dir='ltr'><strong>qua</strong></span> 
     </span>
     <span class='ocr_line' id='line_1_29' title="bbox 296 2731 2544 2812; baseline 0 -23"><span class='ocrx_word' id='word_1_236' title='bbox 296 2731 586 2792; x_wconf 81' lang='lat' dir='ltr'><strong>Columba</strong></span> <span class='ocrx_word' id='word_1_237' title='bbox 640 2744 819 2799; x_wconf 81' lang='lat' dir='ltr'><strong>natus</strong></span> <span class='ocrx_word' id='word_1_238' title='bbox 873 2741 1004 2794; x_wconf 88' lang='lat' dir='ltr'><strong>erat</strong></span> <span class='ocrx_word' id='word_1_239' title='bbox 1048 2741 1229 2812; x_wconf 79' lang='lat' dir='ltr'><strong>atque</strong></span> <span class='ocrx_word' id='word_1_240' title='bbox 1274 2736 1588 2810; x_wconf 84' lang='lat' dir='ltr'><strong>educatus,</strong></span> <span class='ocrx_word' id='word_1_241' title='bbox 1649 2742 1793 2794; x_wconf 88' lang='lat' dir='ltr'><strong>tunc</strong></span> <span class='ocrx_word' id='word_1_242' title='bbox 1837 2732 2124 2809; x_wconf 88' lang='lat' dir='ltr'><strong>temporis</strong></span> <span class='ocrx_word' id='word_1_243' title='bbox 2169 2750 2544 2810; x_wconf 86' lang='lat' dir='ltr'><strong>nequaquam</strong></span> 
     </span>
     <span class='ocr_line' id='line_1_30' title="bbox 296 2820 2546 2906; baseline 0.001 -28"><span class='ocrx_word' id='word_1_244' title='bbox 296 2820 593 2882; x_wconf 89' lang='lat' dir='ltr'><strong>inimicam</strong></span> <span class='ocrx_word' id='word_1_245' title='bbox 631 2826 839 2888; x_wconf 85' lang='lat' dir='ltr'><strong>&#39;fuisse</strong></span> <span class='ocrx_word' id='word_1_246' title='bbox 901 2825 1027 2883; x_wconf 87' lang='lat' dir='ltr'><strong>sedi</strong></span> <span class='ocrx_word' id='word_1_247' title='bbox 1090 2825 1471 2906; x_wconf 86' lang='lat' dir='ltr'><strong>apostolicae.</strong></span> <span class='ocrx_word' id='word_1_248' title='bbox 1563 2825 1723 2900; x_wconf 78' lang='lat' dir='ltr'><strong>Quin</strong></span> <span class='ocrx_word' id='word_1_249' title='bbox 1789 2823 1969 2882; x_wconf 87' lang='lat' dir='ltr'><strong>etiam</strong></span> <span class='ocrx_word' id='word_1_250' title='bbox 2033 2821 2423 2882; x_wconf 80' lang='lat' dir='ltr'><strong>disertissime</strong></span> <span class='ocrx_word' id='word_1_251' title='bbox 2483 2830 2546 2880; x_wconf 88' lang='lat' dir='ltr'><strong>et</strong></span> 
     </span>
     <span class='ocr_line' id='line_1_31' title="bbox 294 2909 2540 3014; baseline 0 -46"><span class='ocrx_word' id='word_1_252' title='bbox 294 2910 637 2988; x_wconf 87' lang='lat' dir='ltr'><strong>planissime</strong></span> <span class='ocrx_word' id='word_1_253' title='bbox 690 2917 978 2998; x_wconf 78' lang='lat' dir='ltr'><strong>scriptum</strong></span> <span class='ocrx_word' id='word_1_254' title='bbox 1036 2921 1131 2974; x_wconf 88' lang='lat' dir='ltr'><strong>est</strong></span> <span class='ocrx_word' id='word_1_255' title='bbox 1154 2915 1233 2972; x_wconf 80' lang='lat' dir='ltr'><strong>&#39;in</strong></span> <span class='ocrx_word' id='word_1_256' title='bbox 1280 2914 1539 3014; x_wconf 83' lang='lat' dir='ltr'><strong>epistula</strong></span> <span class='ocrx_word' id='word_1_257' title='bbox 1586 2913 1872 2974; x_wconf 86' lang='lat' dir='ltr'><strong>Oumeani</strong></span> <span class='ocrx_word' id='word_1_258' title='bbox 1920 2909 2278 2990; x_wconf 81' lang='lat' dir='ltr'><strong>Gregorium</strong></span> <span class='ocrx_word' id='word_1_259' title='bbox 2322 2931 2540 2990; x_wconf 89' lang='lat' dir='ltr'><strong>papam</strong></span> 
     </span>
     <span class='ocr_line' id='line_1_32' title="bbox 296 3000 2540 3080; baseline 0.003 -24"><span class='ocrx_word' id='word_1_260' title='bbox 296 3000 455 3077; x_wconf 91' lang='lat' dir='ltr'><strong>apud</strong></span> <span class='ocrx_word' id='word_1_261' title='bbox 502 3021 705 3065; x_wconf 90' lang='lat' dir='ltr'><strong>omnes</strong></span> <span class='ocrx_word' id='word_1_262' title='bbox 736 3005 947 3066; x_wconf 88' lang='lat' dir='ltr'><strong>Scotos</strong></span> <span class='ocrx_word' id='word_1_263' title='bbox 994 3010 1055 3060; x_wconf 88' lang='lat' dir='ltr'><strong>et</strong></span> <span class='ocrx_word' id='word_1_264' title='bbox 1100 3003 1261 3080; x_wconf 87' lang='lat' dir='ltr'><strong>apud</strong></span> <span class='ocrx_word' id='word_1_265' title='bbox 1307 3003 1469 3080; x_wconf 90' lang='lat' dir='ltr'><strong>ipsos</strong></span> <span class='ocrx_word' id='word_1_266' title='bbox 1514 3003 1794 3062; x_wconf 88' lang='lat' dir='ltr'><strong>Hiienses</strong></span> <span class='ocrx_word' id='word_1_267' title='bbox 1841 3023 2058 3078; x_wconf 85' lang='lat' dir='ltr'><strong>magna</strong></span> <span class='ocrx_word' id='word_1_268' title='bbox 2102 3001 2373 3062; x_wconf 90' lang='lat' dir='ltr'><strong>floruisse</strong></span> <span class='ocrx_word' id='word_1_269' title='bbox 2405 3022 2540 3062; x_wconf 89' lang='lat' dir='ltr'><strong>auc-</strong></span> 
     </span>
     <span class='ocr_line' id='line_1_33' title="bbox 293 3085 2541 3172; baseline 0.003 -26"><span class='ocrx_word' id='word_1_270' title='bbox 293 3088 553 3162; x_wconf 86' lang='lat' dir='ltr'><strong>toritate,</strong></span> <span class='ocrx_word' id='word_1_271' title='bbox 602 3113 738 3152; x_wconf 91' lang='lat' dir='ltr'><strong>nam</strong></span> <span class='ocrx_word' id='word_1_272' title='bbox 794 3093 915 3168; x_wconf 85' lang='lat' dir='ltr'><strong>„ad</strong></span> <span class='ocrx_word' id='word_1_273' title='bbox 944 3085 1239 3172; x_wconf 69' lang='lat' dir='ltr'><strong>Greyorii</strong></span> <span class='ocrx_word' id='word_1_274' title='bbox 1267 3110 1501 3171; x_wconf 80' lang='lat' dir='ltr'><strong>papae,</strong></span> <span class='ocrx_word' id='word_1_275' title='bbox 1548 3092 1749 3168; x_wconf 83' lang='lat' dir='ltr'><strong>inquit</strong></span> <span class='ocrx_word' id='word_1_276' title='bbox 1795 3091 2128 3150; x_wconf 86' lang='lat' dir='ltr'><strong>Cumeanus</strong></span> <span class='ocrx_word' id='word_1_277' title='bbox 2175 3093 2401 3169; x_wconf 85' lang='lat' dir='ltr'><strong>(Usser,</strong></span> <span class='ocrx_word' id='word_1_278' title='bbox 2449 3115 2541 3171; x_wconf 87' lang='lat' dir='ltr'><strong>ep.</strong></span> 
     </span>
     <span class='ocr_line' id='line_1_34' title="bbox 292 3175 2610 3265; baseline 0.004 -31"><span class='ocrx_word' id='word_1_279' title='bbox 292 3175 409 3236; x_wconf 89' lang='lat' dir='ltr'><strong>hib.</strong></span> <span class='ocrx_word' id='word_1_280' title='bbox 444 3183 573 3258; x_wconf 81' lang='lat' dir='ltr'><strong>syll.</strong></span> <span class='ocrx_word' id='word_1_281' title='bbox 605 3206 663 3262; x_wconf 87' lang='lat' dir='ltr'><strong>p.</strong></span> <span class='ocrx_word' id='word_1_282' title='bbox 699 3185 825 3261; x_wconf 82' lang='lat'><strong>21),</strong></span> <span class='ocrx_word' id='word_1_283' title='bbox 870 3181 1032 3242; x_wconf 69' lang='lat' dir='ltr'><strong>urbis</strong></span> <span class='ocrx_word' id='word_1_284' title='bbox 1076 3179 1311 3242; x_wconf 84' lang='lat' dir='ltr'><strong>Romae</strong></span> <span class='ocrx_word' id='word_1_285' title='bbox 1354 3179 1626 3261; x_wconf 68' lang='lat' dir='ltr'><strong>episcopi,</strong></span> <span class='ocrx_word' id='word_1_286' title='bbox 1673 3199 1712 3238; x_wconf 90' lang='lat' dir='ltr'><strong>a</strong></span> <span class='ocrx_word' id='word_1_287' title='bbox 1755 3179 1918 3241; x_wconf 75' lang='lat' dir='ltr'><strong>nobis</strong></span> <span class='ocrx_word' id='word_1_288' title='bbox 1960 3180 2023 3240; x_wconf 78' lang='lat' dir='ltr'><strong>in</strong></span> <span class='ocrx_word' id='word_1_289' title='bbox 2069 3201 2370 3244; x_wconf 75' lang='lat' dir='ltr'><strong>commune</strong></span> <span class='ocrx_word' id='word_1_290' title='bbox 2413 3205 2537 3244; x_wconf 80' lang='lat' dir='ltr'><strong>sus-</strong></span> <span class='ocrx_word' id='word_1_291' title='bbox 2607 3263 2610 3265; x_wconf 10' lang='grc' dir='ltr'><strong>Α</strong></span> 
     </span>
     <span class='ocr_line' id='line_1_35' title="bbox 292 3267 2394 3352; baseline 0.001 -22"><span class='ocrx_word' id='word_1_292' title='bbox 292 3269 439 3346; x_wconf 80' lang='lat' dir='ltr'><strong>cepti</strong></span> <span class='ocrx_word' id='word_1_293' title='bbox 482 3279 535 3330; x_wconf 80' lang='lat' dir='ltr'><strong>et</strong></span> <span class='ocrx_word' id='word_1_294' title='bbox 576 3271 697 3332; x_wconf 68' lang='lat' dir='ltr'><strong>on&#39;s</strong></span> <span class='ocrx_word' id='word_1_295' title='bbox 742 3281 793 3331; x_wconf 77' lang='lat' dir='ltr'><strong>et</strong></span> <span class='ocrx_word' id='word_1_296' title='bbox 838 3271 1007 3333; x_wconf 73' lang='lat' dir='ltr'><strong>aurei</strong></span> <span class='ocrx_word' id='word_1_297' title='bbox 1047 3267 1431 3352; x_wconf 76' lang='lat' dir='ltr'><strong>appellatione</strong></span> <span class='ocrx_word' id='word_1_298' title='bbox 1476 3269 1698 3344; x_wconf 73' lang='lat' dir='ltr'><strong>donati,</strong></span> <span class='ocrx_word' id='word_1_299' title='bbox 1745 3267 1934 3330; x_wconf 78' lang='lat' dir='ltr'><strong>verba</strong></span> <span class='ocrx_word' id='word_1_300' title='bbox 1961 3289 2056 3330; x_wconf 86' lang='lat' dir='ltr'><strong>me</strong></span> <span class='ocrx_word' id='word_1_301' title='bbox 2101 3273 2394 3334; x_wconf 75' lang='lat' dir='ltr'><strong>converti.</strong></span> 
     </span>
     <span class='ocr_line' id='line_1_36' title="bbox 291 3355 2534 3440; baseline 0.002 -24"><span class='ocrx_word' id='word_1_302' title='bbox 291 3355 584 3418; x_wconf 84' lang='lat' dir='ltr'><strong>Attamen</strong></span> <span class='ocrx_word' id='word_1_303' title='bbox 632 3380 751 3419; x_wconf 88' lang='lat' dir='ltr'><strong>non</strong></span> <span class='ocrx_word' id='word_1_304' title='bbox 796 3381 975 3438; x_wconf 85' lang='lat' dir='ltr'><strong>nego,</strong></span> <span class='ocrx_word' id='word_1_305' title='bbox 1030 3361 1355 3434; x_wconf 86' lang='lat' dir='ltr'><strong>„liberam“</strong></span> <span class='ocrx_word' id='word_1_306' title='bbox 1405 3361 1588 3419; x_wconf 85' lang='lat' dir='ltr'><strong>fuisse</strong></span> <span class='ocrx_word' id='word_1_307' title='bbox 1635 3360 1943 3419; x_wconf 86' lang='lat' dir='ltr'><strong>ecclesiam</strong></span> <span class='ocrx_word' id='word_1_308' title='bbox 1990 3359 2302 3420; x_wconf 86' lang='lat' dir='ltr'><strong>Scotorum</strong></span> <span class='ocrx_word' id='word_1_309' title='bbox 2350 3385 2385 3421; x_wconf 93' lang='lat' dir='ltr'><strong>a</strong></span> <span class='ocrx_word' id='word_1_310' title='bbox 2430 3384 2534 3440; x_wconf 93' lang='grc' dir='ltr'><strong>Ρο-</strong></span> 
     </span>
     <span class='ocr_line' id='line_1_37' title="bbox 288 3449 2538 3530; baseline 0.002 -24"><span class='ocrx_word' id='word_1_311' title='bbox 288 3451 505 3506; x_wconf 81' lang='lat' dir='ltr'><strong>testate</strong></span> <span class='ocrx_word' id='word_1_312' title='bbox 553 3456 613 3509; x_wconf 90' lang='lat' dir='ltr'><strong>et</strong></span> <span class='ocrx_word' id='word_1_313' title='bbox 650 3449 1069 3526; x_wconf 82' lang='lat' dir='ltr'><strong>jurisdictione</strong></span> <span class='ocrx_word' id='word_1_314' title='bbox 1113 3469 1332 3529; x_wconf 89' lang='lat' dir='ltr'><strong>papae,</strong></span> <span class='ocrx_word' id='word_1_315' title='bbox 1388 3449 1496 3508; x_wconf 83' lang='lat' dir='ltr'><strong>se&#39;d</strong></span> <span class='ocrx_word' id='word_1_316' title='bbox 1540 3449 1794 3509; x_wconf 89' lang='lat' dir='ltr'><strong>liberam</strong></span> <span class='ocrx_word' id='word_1_317' title='bbox 1839 3469 1959 3506; x_wconf 89' lang='lat' dir='ltr'><strong>non</strong></span> <span class='ocrx_word' id='word_1_318' title='bbox 2006 3450 2286 3525; x_wconf 90' lang='lat' dir='ltr'><strong>alienam,</strong></span> <span class='ocrx_word' id='word_1_319' title='bbox 2341 3473 2538 3530; x_wconf 87' lang='lat' dir='ltr'><strong>neque</strong></span> 
     </span>
     <span class='ocr_line' id='line_1_38' title="bbox 290 3537 2538 3617; baseline 0.002 -22"><span class='ocrx_word' id='word_1_320' title='bbox 290 3537 405 3596; x_wconf 88' lang='lat' dir='ltr'><strong>alia</strong></span> <span class='ocrx_word' id='word_1_321' title='bbox 476 3545 609 3598; x_wconf 83' lang='lat' dir='ltr'><strong>erat</strong></span> <span class='ocrx_word' id='word_1_322' title='bbox 674 3540 922 3600; x_wconf 89' lang='lat' dir='ltr'><strong>libertas</strong></span> <span class='ocrx_word' id='word_1_323' title='bbox 986 3541 1091 3600; x_wconf 84' lang='lat' dir='ltr'><strong>illa</strong></span> <span class='ocrx_word' id='word_1_324' title='bbox 1156 3545 1337 3616; x_wconf 87' lang='lat' dir='ltr'><strong>atque</strong></span> <span class='ocrx_word' id='word_1_325' title='bbox 1400 3559 1518 3617; x_wconf 90' lang='lat' dir='ltr'><strong>qua</strong></span> <span class='ocrx_word' id='word_1_326' title='bbox 1581 3538 1792 3598; x_wconf 90' lang='lat' dir='ltr'><strong>iisdem</strong></span> <span class='ocrx_word' id='word_1_327' title='bbox 1853 3539 2228 3615; x_wconf 88' lang='lat' dir='ltr'><strong>temporibus</strong></span> <span class='ocrx_word' id='word_1_328' title='bbox 2291 3541 2538 3601; x_wconf 87' lang='lat' dir='ltr'><strong>ecclesia</strong></span> 
     </span>
     <span class='ocr_line' id='line_1_39' title="bbox 290 3623 2538 3708; baseline 0.004 -27"><span class='ocrx_word' id='word_1_329' title='bbox 290 3623 600 3686; x_wconf 75' lang='lat' dir='ltr'><strong>Gallicana</strong></span> <span class='ocrx_word' id='word_1_330' title='bbox 645 3629 973 3702; x_wconf 79' lang='lat' dir='ltr'><strong>fruebatur,</strong></span> <span class='ocrx_word' id='word_1_331' title='bbox 1020 3665 1107 3673; x_wconf 94' lang='lat'><strong>—</strong></span> <span class='ocrx_word' id='word_1_332' title='bbox 1146 3650 1285 3687; x_wconf 88' lang='lat' dir='ltr'><strong>nam</strong></span> <span class='ocrx_word' id='word_1_333' title='bbox 1332 3629 1512 3687; x_wconf 85' lang='lat' dir='ltr'><strong>etiam</strong></span> <span class='ocrx_word' id='word_1_334' title='bbox 1558 3629 1622 3687; x_wconf 90' lang='lat' dir='ltr'><strong>in</strong></span> <span class='ocrx_word' id='word_1_335' title='bbox 1655 3627 1854 3688; x_wconf 82' lang='lat' dir='ltr'><strong>Gallia</strong></span> <span class='ocrx_word' id='word_1_336' title='bbox 1901 3628 2225 3688; x_wconf 89' lang='lat' dir='ltr'><strong>auctoritas</strong></span> <span class='ocrx_word' id='word_1_337' title='bbox 2271 3631 2538 3708; x_wconf 89' lang='lat' dir='ltr'><strong>episcopi</strong></span> 
     </span>
     <span class='ocr_line' id='line_1_40' title="bbox 287 3715 2533 3794; baseline 0.001 -20"><span class='ocrx_word' id='word_1_338' title='bbox 287 3715 555 3774; x_wconf 83' lang='lat' dir='ltr'><strong>Romani.</strong></span> <span class='ocrx_word' id='word_1_339' title='bbox 590 3724 734 3777; x_wconf 90' lang='lat' dir='ltr'><strong>tunc</strong></span> <span class='ocrx_word' id='word_1_340' title='bbox 778 3718 1065 3794; x_wconf 90' lang='lat' dir='ltr'><strong>temporis</strong></span> <span class='ocrx_word' id='word_1_341' title='bbox 1111 3718 1307 3777; x_wconf 88' lang='lat' dir='ltr'><strong>verbis</strong></span> <span class='ocrx_word' id='word_1_342' title='bbox 1354 3738 1487 3776; x_wconf 80' lang='lat' dir='ltr'><strong>non..</strong></span> <span class='ocrx_word' id='word_1_343' title='bbox 1520 3719 1916 3790; x_wconf 88' lang='lat' dir='ltr'><strong>minuebatur,</strong></span> <span class='ocrx_word' id='word_1_344' title='bbox 1963 3738 2171 3776; x_wconf 87' lang='lat' dir='ltr'><strong>revera</strong></span> <span class='ocrx_word' id='word_1_345' title='bbox 2203 3726 2400 3779; x_wconf 89' lang='lat' dir='ltr'><strong>autem</strong></span> <span class='ocrx_word' id='word_1_346' title='bbox 2432 3721 2533 3779; x_wconf 85' lang='lat' dir='ltr'><strong>vix</strong></span> 
     </span>
     <span class='ocr_line' id='line_1_41' title="bbox 288 3805 2530 3885; baseline 0.001 -22"><span class='ocrx_word' id='word_1_347' title='bbox 288 3807 637 3882; x_wconf 86' lang='lat' dir='ltr'><strong>comparuit.</strong></span> <span class='ocrx_word' id='word_1_348' title='bbox 728 3805 1087 3867; x_wconf 84' lang='lat' dir='ltr'><strong>Inimicitiae</strong></span> <span class='ocrx_word' id='word_1_349' title='bbox 1134 3826 1277 3882; x_wconf 88' lang='lat' dir='ltr'><strong>ergo</strong></span> <span class='ocrx_word' id='word_1_350' title='bbox 1324 3805 1483 3864; x_wconf 89' lang='lat' dir='ltr'><strong>inter</strong></span> <span class='ocrx_word' id='word_1_351' title='bbox 1528 3806 1838 3884; x_wconf 88' lang='lat' dir='ltr'><strong>episcopos</strong></span> <span class='ocrx_word' id='word_1_352' title='bbox 1877 3807 2182 3867; x_wconf 84' lang='lat' dir='ltr'><strong>Romanos</strong></span> <span class='ocrx_word' id='word_1_353' title='bbox 2227 3815 2289 3868; x_wconf 87' lang='lat' dir='ltr'><strong>et</strong></span> <span class='ocrx_word' id='word_1_354' title='bbox 2334 3815 2530 3885; x_wconf 89' lang='lat' dir='ltr'><strong>poste-</strong></span> 
     </span>
     <span class='ocr_line' id='line_1_42' title="bbox 286 3893 2530 3973; baseline 0.001 -23"><span class='ocrx_word' id='word_1_355' title='bbox 286 3893 459 3952; x_wconf 89' lang='lat' dir='ltr'><strong>rioris</strong></span> <span class='ocrx_word' id='word_1_356' title='bbox 504 3895 791 3973; x_wconf 88' lang='lat' dir='ltr'><strong>temporis</strong></span> <span class='ocrx_word' id='word_1_357' title='bbox 838 3893 1065 3967; x_wconf 86' lang='lat' dir='ltr'><strong>Scotos,</strong></span> <span class='ocrx_word' id='word_1_358' title='bbox 1113 3894 1165 3954; x_wconf 91' lang='lat' dir='ltr'><strong>si</strong></span> <span class='ocrx_word' id='word_1_359' title='bbox 1211 3915 1362 3971; x_wconf 89' lang='lat' dir='ltr'><strong>quae</strong></span> <span class='ocrx_word' id='word_1_360' title='bbox 1407 3895 1703 3967; x_wconf 78' lang='lat' dir='ltr'><strong>fueruntl,</strong></span> <span class='ocrx_word' id='word_1_361' title='bbox 1752 3916 1870 3954; x_wconf 90' lang='lat' dir='ltr'><strong>non</strong></span> <span class='ocrx_word' id='word_1_362' title='bbox 1918 3915 2094 3955; x_wconf 87' lang='lat' dir='ltr'><strong>causa</strong></span> <span class='ocrx_word' id='word_1_363' title='bbox 2138 3897 2382 3955; x_wconf 87' lang='lat' dir='ltr'><strong>fuerunt</strong></span> <span class='ocrx_word' id='word_1_364' title='bbox 2427 3896 2530 3954; x_wconf 88' lang='lat' dir='ltr'><strong>sed</strong></span> 
     </span>
     <span class='ocr_line' id='line_1_43' title="bbox 288 3981 2315 4059; baseline 0.001 -20"><span class='ocrx_word' id='word_1_365' title='bbox 288 3982 481 4040; x_wconf 86' lang='lat' dir='ltr'><strong>exitus</strong></span> <span class='ocrx_word' id='word_1_366' title='bbox 529 3984 966 4043; x_wconf 84' lang='lat' dir='ltr'><strong>controversiae</strong></span> <span class='ocrx_word' id='word_1_367' title='bbox 1012 3983 1171 4042; x_wconf 85' lang='lat' dir='ltr'><strong>illius</strong></span> <span class='ocrx_word' id='word_1_368' title='bbox 1218 3984 1378 4042; x_wconf 90' lang='lat' dir='ltr'><strong>inter</strong></span> <span class='ocrx_word' id='word_1_369' title='bbox 1418 3981 1630 4042; x_wconf 82' lang='lat' dir='ltr'><strong>Scotos</strong></span> <span class='ocrx_word' id='word_1_370' title='bbox 1677 3989 1738 4041; x_wconf 89' lang='lat' dir='ltr'><strong>et</strong></span> <span class='ocrx_word' id='word_1_371' title='bbox 1783 3982 2315 4059; x_wconf 77' lang='lat' dir='ltr'><strong>Anglo-SaxoneS.</strong></span> 
     </span>
    </p>
   </div>
   <div class='ocr_carea' id='block_1_4' title="bbox 288 4097 496 4106">
    <p class='ocr_par' dir='ltr' id='par_1_6' title="bbox 288 4097 496 4106">
     <span class='ocr_line' id='line_1_44' title="bbox 288 4097 496 4106; baseline 0 794"><span class='ocrx_word' id='word_1_372' title='bbox 288 4097 496 4106; x_wconf 95' lang='lat' dir='ltr'><strong> </strong></span> 
     </span>
    </p>
   </div>
   <div class='ocr_carea' id='block_1_5' title="bbox 499 4099 711 4107">
    <p class='ocr_par' dir='ltr' id='par_1_7' title="bbox 499 4099 711 4107">
     <span class='ocr_line' id='line_1_45' title="bbox 499 4099 711 4107; baseline 0 0"><span class='ocrx_word' id='word_1_373' title='bbox 499 4099 711 4107; x_wconf 95' lang='lat' dir='ltr'><strong> </strong></span> 
     </span>
    </p>
   </div>
   <div class='ocr_carea' id='block_1_6' title="bbox 282 4137 2528 4422">
    <p class='ocr_par' dir='ltr' id='par_1_8' title="bbox 282 4137 2528 4422">
     <span class='ocr_line' id='line_1_46' title="bbox 432 4137 2528 4205; baseline -0.001 -13"><span class='ocrx_word' id='word_1_374' title='bbox 432 4139 451 4170; x_wconf 86' lang='lat'><strong>¹</strong></span> <span class='ocrx_word' id='word_1_375' title='bbox 493 4139 659 4192; x_wconf 84' lang='lat' dir='ltr'><strong>Tales</strong></span> <span class='ocrx_word' id='word_1_376' title='bbox 709 4139 1038 4194; x_wconf 85' lang='lat' dir='ltr'><strong>inimicitiae</strong></span> <span class='ocrx_word' id='word_1_377' title='bbox 1092 4139 1359 4193; x_wconf 87' lang='lat' dir='ltr'><strong>videntur</strong></span> <span class='ocrx_word' id='word_1_378' title='bbox 1408 4139 1633 4192; x_wconf 90' lang='lat' dir='ltr'><strong>elucere</strong></span> <span class='ocrx_word' id='word_1_379' title='bbox 1681 4154 1712 4190; x_wconf 91' lang='lat' dir='ltr'><strong>e</strong></span> <span class='ocrx_word' id='word_1_380' title='bbox 1750 4137 2006 4190; x_wconf 87' lang='lat' dir='ltr'><strong>versibus</strong></span> <span class='ocrx_word' id='word_1_381' title='bbox 2044 4137 2382 4205; x_wconf 87' lang='lat' dir='ltr'><strong>quibusdam</strong></span> <span class='ocrx_word' id='word_1_382' title='bbox 2421 4137 2528 4191; x_wconf 90' lang='lat' dir='ltr'><strong>Hi-</strong></span> 
     </span>
     <span class='ocr_line' id='line_1_47' title="bbox 282 4207 2524 4282; baseline 0 -21"><span class='ocrx_word' id='word_1_383' title='bbox 282 4207 533 4263; x_wconf 83' lang='lat' dir='ltr'><strong>hernicis</strong></span> <span class='ocrx_word' id='word_1_384' title='bbox 572 4210 755 4264; x_wconf 92' lang='lat' dir='ltr'><strong>codici</strong></span> <span class='ocrx_word' id='word_1_385' title='bbox 784 4229 909 4282; x_wconf 84' lang='lat' dir='ltr'><strong>epp.</strong></span> <span class='ocrx_word' id='word_1_386' title='bbox 942 4211 1100 4265; x_wconf 86' lang='lat' dir='ltr'><strong>Paul.</strong></span> <span class='ocrx_word' id='word_1_387' title='bbox 1129 4211 1511 4264; x_wconf 84' lang='lat' dir='ltr'><strong>Boerneriano</strong></span> <span class='ocrx_word' id='word_1_388' title='bbox 1541 4214 1712 4277; x_wconf 81' lang='lat' dir='ltr'><strong>(saec.</strong></span> <span class='ocrx_word' id='word_1_389' title='bbox 1740 4207 1896 4275; x_wconf 90' lang='lat' dir='ltr'><strong>IX)</strong></span> <span class='ocrx_word' id='word_1_390' title='bbox 1881 4227 1940 4261; x_wconf 92' lang='lat' dir='ltr'><strong>1n</strong></span> <span class='ocrx_word' id='word_1_391' title='bbox 1965 4210 2217 4278; x_wconf 87' lang='lat' dir='ltr'><strong>margine</strong></span> <span class='ocrx_word' id='word_1_392' title='bbox 2247 4211 2524 4277; x_wconf 83' lang='lat' dir='ltr'><strong>ascri-ptis,</strong></span> 
     </span>
     <span class='ocr_line' id='line_1_48' title="bbox 283 4280 2526 4347; baseline -0 -14"><span class='ocrx_word' id='word_1_393' title='bbox 283 4297 517 4347; x_wconf 89' lang='lat' dir='ltr'><strong>quorum</strong></span> <span class='ocrx_word' id='word_1_394' title='bbox 574 4282 832 4336; x_wconf 89' lang='lat' dir='ltr'><strong>notitiam</strong></span> <span class='ocrx_word' id='word_1_395' title='bbox 892 4281 1226 4336; x_wconf 83' lang='lat' dir='ltr'><strong>Franciscus</strong></span> <span class='ocrx_word' id='word_1_396' title='bbox 1272 4280 1682 4346; x_wconf 77' lang='lat' dir='ltr'><strong>DelitzschiuS,</strong></span> <span class='ocrx_word' id='word_1_397' title='bbox 1749 4282 1838 4334; x_wconf 84' lang='lat' dir='ltr'><strong>vir</strong></span> <span class='ocrx_word' id='word_1_398' title='bbox 1893 4297 2107 4333; x_wconf 86' lang='lat' dir='ltr'><strong>summe</strong></span> <span class='ocrx_word' id='word_1_399' title='bbox 2163 4281 2526 4345; x_wconf 78' lang='lat' dir='ltr'><strong>reverenduS,</strong></span> 
     </span>
     <span class='ocr_line' id='line_1_49' title="bbox 285 4351 2528 4422; baseline 0.001 -19"><span class='ocrx_word' id='word_1_400' title='bbox 285 4351 685 4405; x_wconf 85' lang='lat' dir='ltr'><strong>humanissime</strong></span> <span class='ocrx_word' id='word_1_401' title='bbox 724 4352 860 4406; x_wconf 85' lang='lat' dir='ltr'><strong>mihi</strong></span> <span class='ocrx_word' id='word_1_402' title='bbox 901 4355 1255 4422; x_wconf 86' lang='lat' dir='ltr'><strong>comparavit</strong></span> <span class='ocrx_word' id='word_1_403' title='bbox 1281 4353 1376 4422; x_wconf 87' lang='lat' dir='ltr'><strong>(cf.</strong></span> <span class='ocrx_word' id='word_1_404' title='bbox 1408 4352 1649 4416; x_wconf 68' lang='lat' dir='ltr'><strong>Ebraml,</strong></span> <span class='ocrx_word' id='word_1_405' title='bbox 1691 4351 2009 4405; x_wconf 85' lang='lat' dir='ltr'><strong>Bonifatius</strong></span> <span class='ocrx_word' id='word_1_406' title='bbox 2035 4369 2090 4420; x_wconf 89' lang='lat' dir='ltr'><strong>p.</strong></span> <span class='ocrx_word' id='word_1_407' title='bbox 2125 4353 2230 4420; x_wconf 86' lang='lat'><strong>10).</strong></span> <span class='ocrx_word' id='word_1_408' title='bbox 2299 4351 2528 4420; x_wconf 85' lang='lat' dir='ltr'><strong>Scripta</strong></span> 
     </span>
    </p>
   </div>
   <div class='ocr_carea' id='block_1_7' title="bbox 2065 4441 2096 4494">
    <p class='ocr_par' dir='ltr' id='par_1_9' title="bbox 2065 4441 2096 4494">
     <span class='ocr_line' id='line_1_50' title="bbox 2065 4441 2096 4494; baseline 0 0"><span class='ocrx_word' id='word_1_409' title='bbox 2065 4441 2096 4494; x_wconf 87' lang='grc'>7</span> 
     </span>
    </p>
   </div>
  </div>
 </body>
</html>
