3167 4900
1201 258 1637 316 *11-

469 438 638 512 Quae
685 457 814 497 cum
860 438 949 497 ita
995 438 1145 510 sint,
1217 437 1388 497 nobis
1448 457 1564 494 non
1613 456 1761 514 opus
1808 443 1899 495 est
1944 435 2125 510 scire,
2194 456 2230 493 a
2278 454 2533 512 quonam

289 527 586 604 evangelii
628 527 902 586 >doctrina
948 527 1013 585 in
1057 525 1437 586 Britanniam
1484 525 1669 584 allata
1716 526 1811 584 sit.
1901 525 1995 584 De
2059 545 2177 603 qua
2236 545 2331 597 re,
2401 543 2533 582 cum

291 617 451 674 nullo
498 615 670 674 modo
718 615 895 674 fidem
942 615 1323 674 christianam
1369 619 1532 673 recta
1563 614 1663 674 via
1702 635 1777 672 ex
1806 613 2032 672 oriente
2062 613 2127 672 in
2156 613 2533 672 Britanniam

289 705 529 763 allatam
585 725 710 764 esse
766 725 966 764 omnes
1022 703 1424 776 consentiant,
1493 703 1558 761 in
1622 704 1769 762 duas
1834 703 2159 762 sententias
2220 702 2535 762 discedunt

287 793 404 853 viri
463 793 640 853 docti.
746 792 875 851 Alii
937 792 1143 852 Gallos
1203 792 1522 851 Britonum
1586 793 1887 869 apostolos
1957 791 2137 850 fuisse
2214 792 2532 863 affirmant,

289 902 538 959 quorum
585 883 802 941 ritibus
851 881 1278 953 ecclesiasticis,
1326 881 1623 958 liturgiae,
1670 881 2023 940 lectionibus
2056 880 2253 952 sacris,
2300 879 2533 956 hymnis

287 971 578 1030 secundae
623 971 840 1030 aetatis
885 971 1165 1030 ecclesiae
1211 970 1597 1029 Britannicae
1642 970 1809 1043 ritus,
1854 969 2187 1045 liturgiam,
2234 969 2533 1042 lectiones,

287 1061 538 1136 hymnos
599 1057 814 1118 similia
873 1059 1054 1120 fuisse
1113 1061 1244 1119 luce
1305 1060 1522 1118 clarius
1577 1066 1671 1118 est
1726 1056 1867 1134 (vid.
1914 1059 2186 1131 Warren,
2234 1079 2291 1135 p.
2342 1060 2416 1115 61
2474 1063 2534 1117 et

289 1150 449 1207 locos
495 1149 584 1208 ibi
627 1151 1152 1225 commemoratos),
1215 1147 1320 1206 alii
1372 1148 1533 1226 iique
1588 1147 1843 1206 minores
1882 1165 2145 1204 ‘numero
2191 1146 2534 1206 auctoribus

290 1237 580 1296 Romanis
624 1237 908 1297 Britones
953 1238 1029 1296 ad
1075 1237 1459 1296 christianum
1519 1236 1699 1295 fidem
1758 1235 2065 1296 transiisse
2120 1235 2235 1294 sibi
2295 1255 2532 1314 persua·

291 1332 498 1385 serunt
553 1325 806 1402 (Sabell,
863 1349 921 1405 p.
970 1328 1071 1385 48.
1117 1325 1422 1403 Haddan),
1483 1326 1591 1384 alii
1646 1326 1709 1383 in
1762 1325 1955 1384 medio
2011 1345 2136 1382 rem
2189 1324 2537 1402 relinquunt

291 1415 542 1492 (Bright
578 1436 636 1492 p.
676 1417 756 1490 1).
846 1415 1022 1474 Hanc
1069 1416 1530 1474 controversiam
1576 1414 1897 1492 disceptari
1942 1421 2147 1472 nostra
2188 1433 2400 1490 parum
2445 1413 2532 1471 in-

289 1511 506 1577 terest,
567 1503 882 1562 dummodo
941 1504 1245 1563 ecclesiam
1289 1504 1609 1562 Britonum
1656 1503 2045 1562 orthodoxam
2106 1502 2285 1561 fuisse
2332 1523 2532 1560 conce·

291 1593 486 1652 datur.
578 1592 703 1652 Nec
747 1599 947 1651 tamen
993 1593 1286 1652 silendum
1333 1613 1458 1652 esse
1505 1592 1721 1671 putavi
1766 1593 2036 1668 proximo
2092 1611 2247 1649 anno
2297 1591 2533 1650 Warre-

291 1681 454 1739 nium
472 1725 486 1753 ,
551 1681 744 1740 virum
790 1681 1222 1754 doctissimum,
1284 1682 1568 1760 perplura
1622 1680 1893 1740 attulisse
1936 1685 2319 1755 argumenta,
2382 1699 2535 1755 quae

293 1770 766 1846 comprobarent,
811 1769 986 1829 fidem
1020 1770 1400 1830 christianam
1433 1791 1506 1827 ex
1536 1767 1738 1827 Gallia
1770 1789 1837 1826 ac
1884 1768 2120 1846 quidem
2169 1788 2242 1826 ex
2286 1768 2535 1827 urbibus

289 1859 590 1935 Lugduno
635 1865 696 1918 et
741 1859 978 1919 Vienna
1023 1859 1391 1937 temporibus
1436 1856 1674 1916 Irenaei
1730 1858 1791 1915 in
1838 1857 2215 1916 Britanniam
2260 1857 2532 1916 transmi-

291 1968 494 2024 grasse
541 1947 821 2021 (Warren
868 1970 924 2026 p.
959 1948 1268 2023 46-,-58).
1360 1947 1526 2021 Quae
1573 1946 1869 2005 sententia
1914 1966 2045 2004 cum
2092 1966 2166 2004 ex
2209 1946 2426 2004 ritibus
2470 1947 2532 2005 in

291 2036 609 2095 Britannia
652 2036 892 2096 usitatis
937 2056 1128 2114 neque
1176 2056 1396 2110 eorum,
1446 2036 1548 2114 qui
1595 2056 1726 2094 cum
1772 2035 2162 2094 orientalibus
2193 2043 2536 2111 ,congruunt

300 2159 374 2169 —-
427 2131 666 2185 exstant
721 2125 878 2184 enim
933 2127 1084 2184 tales
1144 2125 1422 2201 (Warren
1479 2147 1538 2204 p.
1590 2125 1699 2201 55)
1756 2158 1828 2168 -
1890 2143 2082 2200 neque
2140 2141 2369 2196 eorum,
2434 2125 2537 2201 qui

293 2214 516 2274 similes
561 2220 700 2273 sunt
733 2212 1062 2274 Gallicanis
1107 2215 1417 2274 obscuram
1464 2215 1765 2291 relinquat
1810 2213 2117 2290 originem,
2165 2213 2347 2289 digna
2392 2213 2537 2270 mihi

293 2303 547 2377 videtur,
594 2322 771 2379 quam
818 2304 1154 2364 assensione
1201 2305 1673 2386 comprobemus,
1722 2302 2022 2379 quamvis,
2072 2321 2222 2379 quae
2270 2302 2343 2359 de
2388 2309 2534 2360 tem·

291 2413 468 2473 pore,
519 2412 635 2470 quo
680 2394 840 2452 facta
885 2399 1040 2463 esset
1085 2393 1190 2452 illa
1235 2392 1717 2471 transmigratio,
1766 2391 2117 2451 Warrenius
2164 2391 2401 2465 attulit,
2448 2391 2535 2450 in-

294 2482 550 2541 certiora
594 2502 722 2541 esse
769 2482 977 2560 negari
1021 2502 1141 2541 non
1171 2482 1376 2561 possit.
1467 2483 1623 2542 Nam
1654 2482 1797 2558 quid
1829 2481 2129 2553 incertius,
2176 2500 2355 2556 quam
2386 2501 2537 2557 quae

249 2632 256 2638 ,
293 2571 644 2649 apologetae
673 2571 986 2649 proferunt
1015 2571 1090 2629 de
1121 2572 1366 2631 ecclesia
1412 2571 1845 2629 succrescente!
1893 2568 2011 2651 Sed
2060 2569 2203 2647 quid
2250 2569 2327 2627 ad
2372 2570 2537 2627 rem?

293 2660 380 2720 Ut
425 2660 547 2719 sint
592 2659 966 2732 incertiores,
1015 2678 1164 2738 quos
1208 2660 1510 2733 subduxit,
1558 2658 1802 2731 calculi,
1850 2657 2069 2717 certior
2116 2664 2207 2717 est
2252 2658 2380 2736 ipsa
2426 2678 2537 2730 res,

293 2749 549 2807 certiora
607 2749 712 2807 illa
771 2754 1151 2825 argumenta,
1215 2769 1365 2825 qua'e
1425 2748 1651 2808 rituum
1710 2754 1925 2807 natura
1984 2748 2272 2806 nituntur.
2380 2748 2538 2821 Quin

293 2838 472 2896 etiam
517 2838 666 2896 duas
713 2838 860 2897 alias
905 2859 1000 2898 res
1047 2858 1510 2911 commemorem,
1558 2857 1711 2915 quae
1728 2838 2047 2896 Warrenio
2092 2836 2252 2895 haud
2296 2837 2417 2895 scio
2462 2857 2538 2895 an

291 2929 576 3003 majorem
622 2926 798 2985 fidem
844 2927 1112 2987 afferant.

472 3015 736 3089 Quarum
784 3015 952 3093 prior
997 3023 1104 3089 est,
1152 3015 1312 3093 quod
1357 3016 1705 3093 symbolum,
1755 3035 1874 3091 quo
1905 3014 2187 3073 Britones
2219 3014 2281 3071 in
2311 3016 2536 3093 baptis·

291 3105 472 3163 matis
530 3104 856 3164 ministerio
918 3105 1160 3163 ineunte
1219 3104 1452 3163 saeculo
1514 3105 1723 3180 quinto
1784 3103 1876 3160 usi
1938 3123 2064 3161 esse
2108 3102 2404 3175 videntur,
2452 3138 2539 3149 --

291 3199 581 3269 quantum
629 3194 902 3270 cognosci
945 3200 1145 3271 potest
1191 3214 1264 3251 ex
1309 3193 1574 3268 symbolo
1631 3192 1733 3249 illo
1778 3192 2117 3268 regularum
2177 3190 2316 3249 fidei
2378 3213 2538 3250 more.

291 3290 356 3341 et
399 3288 706 3342 contracto
754 3290 814 3342 et
860 3290 1052 3352 aucto,
1101 3282 1259 3359 quod
1307 3287 1504 3340 exstat
1548 3280 1613 3339 in
1642 3279 1911 3352 Patricii,
1944 3280 2349 3339 Hibernorum
2397 3302 2534 3358 apo·

291 3372 462 3444 stoli,
525 3371 764 3429 natione
826 3371 1122 3444 Britonis,
1187 3369 1552 3431 confessione
1608 3371 1713 3445 (H.
1758 3369 1878 3429 and
1924 3368 2015 3427 St.
2061 3370 2145 3441 II,
2196 3370 2233 3426 2
2283 3391 2338 3447 p.
2389 3371 2537 3429 297.

291 3460 494 3530 Hahn,
541 3455 872 3519 Bibliotlaek
917 3459 1024 3519 der
1053 3457 1343 3540 Symbole.
1381 3460 1568 3517 1877.
1600 3479 1658 3536 p.
1694 3460 1848 3535 268)
1882 3494 1963 3503 —
1998 3464 2060 3517 et
2103 3458 2193 3518 ita
2238 3459 2539 3538 discrepat

291 3570 426 3607 cum
487 3568 556 3605 ea
616 3549 865 3624 symboli
927 3549 1238 3627 apostolici
1298 3550 1487 3607 forma
1508 3592 1521 3619 ‚
1583 3568 1700 3624 qua
1748 3547 2006 3607 Romani
2062 3553 2207 3606 tunc
2253 3549 2537 3626 temporis

291 3637 622 3696 utebantur
667 3636 893 3713 (Hahn,
941 3659 998 3714 p.
1052 3639 1131 3696 13
1180 3659 1309 3716 sqq.
1357 3637 1428 3698 cf.
1474 3636 1779 3711 Harnack,
1827 3635 1964 3696 Art.
2011 3636 2427 3715 Apostolicum
2474 3638 2537 3695 in

293 3725 719 3802 Herzog-Plitt
762 3726 837 3785 R.
885 3726 982 3803 E.)
1029 3733 1099 3786 ut
1143 3727 1444 3785 Romanos
1488 3726 1808 3785 Britonum
1854 3727 2155 3804 apostolos
2198 3726 2379 3785 fuisse
2426 3727 2538 3785 tibi

291 3814 395 3873 vix
427 3815 799 3892 persuadeas,
848 3821 910 3874 et
939 3815 1328 3875 orientalibus
1369 3815 1621 3893 symboli
1651 3814 1872 3887 formis,
1922 3815 2269 3891 quibuscum
2302 3815 2538 3873 Irenaei

293 3903 626 3980 symbolum
673 3905 1010 3981 congruisse
1056 3911 1308 3982 apparet
1352 3924 1426 3962 ex
1470 3904 1693 3981 regulis
1738 3904 1894 3975 fidei,
1943 3924 2093 3980 quae
2134 3904 2294 3981 apud
2342 3904 2535 3981 ipsum

291 3992 672 4070 reperiuntur
702 3993 928 4068 (Hahn,
967 4013 1035 4070 p..
1064 3994 1091 4050 1
1131 3998 1260 4071 sq.),
1308 3993 1557 4053 similior
1588 3999 1693 4064 est,
1740 4013 1918 4068 quam
1950 3992 2055 4049 ulli
2087 3991 2533 4051 occidentalium

291 4081 695 4157 symbolorum
739 4082 980 4141 formae.
1005 4080 1027 4117 ¹

477 4291 498 4321 ¹
537 4289 694 4343 Proh
732 4290 924 4344 dolor!
989 4295 1050 4345 et
1083 4290 1260 4359 ipsius
1298 4291 1546 4344 auctoris
1592 4290 1981 4345 additamenta
2027 4295 2086 4345 et
2130 4290 2429 4344 verborum
2477 4292 2535 4346 in

291 4360 583 4415 codicibus
611 4363 969 4431 corruptelae
1003 4362 1339 4431 impediunt,
1379 4362 1678 4433 quominus
1716 4363 2033 4417 accuratius
2070 4363 2177 4417 hoc
2216 4362 2535 4433 symbolum
