3167 4900
1167 269 1609 353 ‚437-

266 472 570 551 appulisse
614 471 944 531 Patricium
1003 473 1244 551 putavit
1291 507 1374 518 —-
1423 493 1559 532 nam
1614 493 1747 532 cam
1796 467 1991 534 Gallis
2046 474 2109 533 in
2155 474 2513 536 Hiberniam

267 583 400 620 eum
461 561 802 640 pervenisse
863 567 1120 621 testatur
1175 565 1258 640 (p.
1303 561 1496 639 XIX)
1551 595 1629 606 -
1680 567 1877 622 tamen
1938 563 2237 641 prioribus
2298 566 2515 625 aetatis

265 672 408 710 suae
464 651 832 729 temporibus
878 650 1208 710 Patricium
1267 648 1569 732 naviyasse
1618 670 1730 730 per
1779 645 2011 712 Gallias
2056 661 2225 734 atque
2269 645 2517 714 Italiam

263 749 448 800 totam
493 747 664 822 atque
707 739 769 798 in
813 736 1029 811 ineolis,
1077 759 1226 822 quae
1269 739 1332 798 in
1369 738 1530 798 mari
1570 738 1823 800 Ter-reno
1855 741 1975 800 sint
2006 749 2321 817 asseverat,
2370 745 2515 820 quin

263 831 448 889 etiam
510 829 696 906 ipsius
741 829 995 888 Patricii
1053 829 1279 906 scripta
1338 828 1477 888 huic
1535 829 1627 888 rei
1684 829 2025 889 testimonio
2088 852 2213 891 esse
2259 832 2516 892 affirmat

262 917 552 994 adjiciens
598 925 704 989 „ut
749 916 872 997 ipse
919 917 1069 978 dimit
1111 917 1175 978 in
1205 917 1747 979 commemoratione
1778 916 2084 998 laborum‘
2116 921 2395 997 (Betham
2426 922 2512 995 II,

265 1029 402 1086 app.
451 1029 509 1086 p.
555 1006 766 1084 XIX).
857 1007 942 1066 Et
989 1027 1058 1066 ea
1103 1007 1232 1086 ipsa
1277 1007 1528 1066 Patricii
1574 1007 1761 1081 dicta,
1824 1008 1901 1066 ad
1950 1028 2100 1086 quae
2149 1009 2513 1070 Tirechanus

261 1095 633 1174 provocavit,
681 1097 892 1155 saltem
937 1097 1154 1156 similia
1200 1102 1440 1156 exstant
1483 1097 1548 1154 in
1596 1096 1751 1156 libro
1784 1095 2207 1157 Ardmachano
2240 1104 2302 1159 et
2333 1121 2513 1178 supra

261 1186 403 1245 inde
445 1189 572 1262 jam
618 1184 980 1262 transcripta
1027 1191 1168 1244 sunt
1215 1187 1297 1263 (p.
1349 1186 1478 1261 34).

442 1274 720 1353 Denique
767 1275 1181 1334 annotationes
1227 1274 1592 1334 Hibernicae
1639 1280 1840 1334 utrum
1890 1294 2021 1334 cum
2055 1275 2387 1336 Tirechano
2435 1298 2513 1336 an

263 1385 398 1423 cum
443 1364 754 1422 Muirchuo
801 1370 1158 1440 congruant,
1221 1363 1542 1464 disceptari
1589 1385 1709 1425 non
1755 1369 1979 1442 potest,
2028 1386 2164 1424 nam
2210 1365 2283 1424 de
2329 1367 2513 1426 variis

261 1453 398 1525 illis,
452 1453 665 1530 quibus
711 1452 1027 1525 Patricius,
1075 1457 1396 1530 antequam
1441 1453 1504 1510 in
1550 1453 1906 1512 Hiberniam
1954 1454 2209 1528 veniret,
2250 1458 2513 1532 jactatus

263 1548 372 1615 est,
422 1543 656 1601 casibus
703 1541 766 1599 in
811 1541 921 1600 hoc
965 1541 1119 1600 libro
1168 1542 1404 1603 omnino
1451 1542 1537 1599 nil
1583 1543 1757 1602 inest.
1834 1542 1919 1602 Et
1961 1564 2111 1620 quae
2143 1544 2215 1602 de
2246 1544 2511 1604 Patricio

263 1631 425 1708 apud
473 1629 560 1690 St.
609 1629 972 1690 Germanum
1029 1637 1296 1690 morante
1355 1637 1416 1690 et
1461 1651 1533 1688 ex
1581 1630 1781 1691 Gallia
1827 1630 1889 1688 in
1935 1632 2288 1691 Hiberniam
2336 1633 2511 1694 misso

261 1725 592 1800 narrantur
630 1720 724 1778 his
769 1719 968 1780 verbis
1013 1740 1152 1778 casu
1199 1719 1454 1797 quodam
1500 1720 1733 1778 latinis:
1782 1717 2080 1780 Patricius
2126 1729 2177 1780 et
2214 1719 2513 1782 [seminus

261 1831 397 1869 cum
449 1803 748 1870 Germano
793 1807 1044 1889 fflerum
1102 1807 1165 1868 in
1217 1804 1493 1869 Olsiodra
1539 1808 1764 1868 civitate
1818 1809 1933 1888 (=
1980 1808 2513 1890 Autissiodorum).

267 1893 600 1960 Germanus
643 1917 776 1957 vero
808 1895 1076 1958 Ise‘mino
1123 1895 1273 1958 dioeit
1316 1905 1380 1956 ut
1417 1897 1772 1976 praedicare
1812 1897 1875 1957 in
1904 1894 2257 1958 Hiberniam
2300 1898 2513 1960 veniret

260 1996 432 2068 atque
465 1995 789 2069 prumptus
817 1985 947 2070 fuit
991 1985 1256 2047 oboedire
1299 1985 1362 2046 in
1405 2005 1829 2068 quamcumque
1850 1995 2086 2069 partem
2117 1987 2372 2048 mittetur
2400 1987 2515 2048 nisi

259 2076 322 2136 in
354 2072 709 2136 Hiberniam
743 2070 1076 2136 Germanus
1121 2073 1272 2135 dimit
1300 2072 1564 2150 Patricio
1611 2085 1663 2134 et
1707 2085 1769 2136 tu
1813 2096 1892 2134 an
1938 2074 2237 2137 oboediens
2282 2075 2395 2138 eris
2425 2113 2513 2122 —

259 2162 560 2225 Patricius
605 2163 756 2224 dixit
779 2164 900 2248 fiat
945 2163 1090 2224 sicut
1133 2163 1218 2224 vis
1253 2159 1584 2226 Germanus
1632 2163 1783 2226 dimit
1825 2161 1935 2224 hoc
1976 2165 2125 2225 inter
2167 2185 2273 2226 reos
2318 2165 2425 2226 erit
2462 2175 2515 2226 et

261 2275 377 2314 non
409 2253 672 2333 potuerit
719 2252 1017 2313 Iserninus
1061 2253 1125 2313 in
1153 2251 1464 2315 Hibernia·
1488 2273 1592 2314 nec
1638 2253 1886 2314 transire
1915 2289 2002 2299 —
2034 2251 2333 2315 Patricius
2363 2254 2513 2316 venit

263 2343 336 2406 in.
357 2340 712 2403 Izliberm'am
746 2341 1000 2402 Iserm'm‘
1039 2362 1172 2403 vero
1220 2351 1318 2404 etc.
1371 2379 1446 2386 —
1499 2349 1561 2403 et
1595 2343 1911 2403 Tirechani
1956 2351 2018 2404 et
2046 2344 2345 2403 Muirchui
2375 2365 2509 2403 nar-

263 2433 485 2493 rationi
527 2433 843 2510 quadrant.
919 2432 1134 2510 Itaque
1167 2433 1238 2491 de
1271 2432 1363 2491 his
1395 2433 1881 2493 annotationibus
1913 2433 2165 2511 amplius
2196 2433 2511 2497 dicendum

263 2543 382 2583 non
429 2522 560 2581 erit.

444 2611 696 2690 Triplex
725 2610 958 2687 igitur
941 2632 1004 2669 1n
1038 2610 1192 2669 libro
1224 2609 1645 2670 Ardmachano
1679 2611 1751 2670 de
1782 2610 2049 2671 Patricio
2082 2618 2171 2671 est
2200 2612 2509 2686 memoria3

262 2692 358 2761 vel
387 2701 592 2780 potius
631 2700 866 2801 duplex.
936 2700 1088 2761 Nam
1123 2720 1274 2802 quae
1307 2700 1380 2758 de
1411 2699 1684 2759 Palladio
1717 2706 1779 2760 et
1808 2700 2073 2759 Patricio
2105 2720 2140 2759 a
2173 2700 2511 2762 Coelestino

261 2792 422 2869 papa
489 2789 682 2849 missis
743 2795 1065 2849 narrantur
1123 2790 1365 2848 minime
1439 2809 1707 2849 sermone
1768 2796 2009 2869 patrum
2070 2791 2308 2869 prodita
2368 2812 2511 2867 esse,

261 2879 365 2937 sed
413 2900 487 2937 ex
517 2878 814 2956 Prospero
856 2879 955 2938 ,vel
985 2877 1171 2951 Beda,
1220 2878 1321 2955 qui
1352 2878 1638 2956 Prosperi
1668 2879 2071 2939 narrationem
2102 2880 2513 2959 transscripsit

264 2968 344 3043 (h.
393 2989 440 3027 e.
488 2968 528 3026 1.
583 2968 680 3041 13,
728 2968 762 3045 ἓ
813 2968 948 3043 32),
1001 2967 1066 3026 111
1111 2966 1362 3026 Patricii
1403 2968 1719 3027 historiam
1764 2970 2056 3028 translata
2104 2990 2229 3029 esse
2275 2975 2337 3028 et
2381 2969 2511 3047 ipsa

261 3058 448 3116 verba
504 3056 906 3116 annotationis
961 3056 1120 3116 illius
1166 3056 1629 3115 luculentissime
1676 3056 2085 3115 demonstrant
2132 3063 2191 3116 et
2238 3058 2509 3117 Muirchu

262 3152 326 3205 et
373 3145 756 3219 Tirechanus‚
805 3166 934 3203 cum
981 3145 1054 3204 de
1087 3144 1426 3205 Goelestino
1456 3144 1788 3204 Patricium
1837 3145 2111 3205 mittente
2146 3146 2244 3204 nil
2289 3146 2509 3220 dicant,

261 3240 527 3294 tacentes
575 3236 977 3311 comprobant.
1054 3235 1148 3293 De
1195 3234 1504 3293 Muirchuo
1551 3233 1739 3311 igitur
1784 3240 1847 3293 et
1894 3234 2225 3293 Tirechano
2271 3234 2507 3314 potissi-

259 3344 423 3383 mum
472 3324 876 3383 disserendum
925 3329 1028 3383 est.

441 3413 703 3472 Exsistit
749 3412 905 3471 enim
953 3413 1247 3489 quaestio,
1293 3418 1496 3472 utrum
1541 3412 1840 3472 Muirchui
1886 3432 1961 3471 an
2010 3412 2329 3472 Tirechani
2374 3434 2508 3473 nar·

259 3504 418 3562 ratio
480 3502 738 3580 priorem
801 3503 1038 3561 fabulae
1102 3503 1174 3561 de
1223 3500 1364 3561 Scto
1410 3501 1675 3561 Patricio
1736 3502 1985 3561 formam
2048 3503 2342 3563 exhibeat.
2435 3503 2509 3563 In

261 3613 381 3669 qua
447 3591 792 3669 quaestione
853 3624 929 3635 -—
991 3592 1144 3669 proh
1204 3592 1402 3649 dolor!
1454 3625 1532 3636 —-
1582 3591 1848 3668 ipsorum
1908 3592 2265 3671 scriptorum
2326 3599 2508 3667 aetas,

258 3681 554 3758 siquidem
609 3680 754 3738 fides
802 3678 1075 3739 habenda
1125 3686 1215 3740 est
1261 3680 1645 3758 praefationi,
1710 3700 1861 3757 quae
1908 3682 2183 3759 capitulis
2228 3680 2377 3741 Aidi
2421 3683 2508 3740 in-

256 3772 486 3847 scripta
547 3775 638 3829 est
684 3768 827 3845 (vid.
875 3790 1054 3848 supra
1098 3792 1156 3847 p.
1209 3771 1344 3847 33),
1408 3775 1770 3828 momentum
1824 3771 2019 3829 facere
2074 3770 2309 3848 nequit,
2371 3792 2509 3831 nam

259 3859 372 3917 etsi
406 3858 772 3917 Tirechanus
818 3860 1017 3936 paullo
1065 3864 1204 3917 ante
1233 3858 1610 3918 Muirchuum
1656 3858 1893 3918 videtur
1940 3860 2259 3937 scripsisse,
2309 3866 2508 3918 tamen

255 3949 384 4007 fere
446 3947 722 4025 aequales
782 3955 921 4007 sunt
979 3947 1252 4006 habendi.
1343 3948 1737 4008 Nihilosecius
1798 3948 2063 4007 dubitari
2124 3968 2242 4006 non
2288 3954 2507 4024 potest,

258 4037 406 4116 quin
440 4035 762 4095 Tirechani
807 4036 1074 4095 narratio
1118 4036 1294 4113 longe
1325 4037 1622 4098 vetustior
1652 4035 1733 4095 sit
1764 4055 1940 4112 quam
1972 4036 2282 4095 Muirchui.
2353 4037 2507 4099 Nam

255 4126 516 4205 primum
579 4126 843 4199 omnin0,
909 4147 1060 4203 quae
1107 4124 1470 4186 Tirechanus
1531 4129 1762 4197 narrat,
1824 4124 2186 4203 simpliciora
2247 4131 2385 4184 sunt
2447 4132 2509 4184 et

256 4214 558 4274 miraculis
607 4214 800 4273 minus
847 4214 1205 4287 deformata3
1253 4220 1380 4273 tum
1409 4214 1779 4273 -Tirechanus
1827 4235 1943 4273 non
1984 4216 2111 4291 jam
2144 4221 2508 4292 cognoverat

257 4303 542 4383 Prosperi
583 4304 1002 4378 narrationem,
1050 4324 1169 4382 qua
1197 4304 1572 4362 Muirchuum
1603 4323 1772 4362 usum
1806 4324 1931 4363 esse
1962 4309 2240 4382 apparet3
2289 4303 2505 4364 deinde

259 4392 625 4454 Tirechanus
665 4391 994 4453 Patricium
1043 4396 1124 4451 29
1173 4393 1268 4452 vel
1317 4394 1398 4450 26
1447 4412 1635 4453 annos
1680 4392 1743 4450 in
1774 4393 2068 4451 Hibernia
2114 4393 2361 4453 verbum
2408 4394 2506 4454 dei
