3167 4900
1204 252 1645 314 *29—

303 431 378 492 de
424 438 678 509 utraque
725 433 970 492 ecclesia
1016 433 1377 494 disseritur1.
1454 435 1611 495 Nam
1656 434 1875 494 similes
1921 441 2061 495 sunt
2107 435 2325 508 multis,
2372 434 2540 496 dissi-

305 522 474 580 miles
519 522 792 600 pluribus
837 522 948 580 hae
994 523 1144 581 duae
1191 523 1486 582 ecclesiae.

481 610 708 670 Eadem
755 617 902 686 erat,
949 617 1020 670 ut
1065 617 1352 689 quantum
1398 613 1651 672 sciamus
1698 647 1781 658 -
1824 633 1959 670 nam
2006 613 2110 688 qui
2155 613 2338 672 fuerit
2384 615 2542 691 apud

305 699 516 759 Scotos
562 701 1088 760 consecrandarum
1131 701 1506 761 ecclesiarum
1537 720 1664 760 mos
1696 721 1935 778 prorsus
1967 701 2259 761 nescimus
2296 737 2370 745 —
2408 725 2540 761 exa-

305 788 522 846 minem
577 789 785 847 seriem
838 809 1036 848 rerum
1083 809 1262 866 supra
1307 790 1733 867 expositarum,
1796 790 2024 862 eadem,
2086 789 2353 866 inquam,
2415 796 2543 850 erat

303 877 442 936 festi
504 878 796 954 paschalis
857 878 1248 956 computatio,
1312 879 1516 938 eadem
1571 883 1849 938 tonsurae
1895 879 2109 952 forma,
2170 879 2413 952 similes,
2474 885 2543 938 ut

303 971 578 1044 putatur,
642 966 1032 1026 ordinationis
1092 967 1243 1026 ritus
1295 1001 1370 1010 —
1423 967 1528 1026 sed
1583 967 1687 1026 alii
1742 974 1915 1027 erant
1957 968 2111 1026 ritus
2158 968 2542 1026 celebrandae

307 1054 715 1128 eucharistiae,
763 1054 913 1114 alius
960 1055 1306 1133 baptizandi
1352 1077 1492 1116 mos.
1583 1055 1908 1114 Praeterea
1953 1057 2237 1114 nonnulla
2280 1057 2539 1116 invenie·

303 1163 434 1201 mus
495 1142 806 1204 Scotorum
865 1145 1132 1222 propria,
1194 1165 1348 1220 quae
1407 1145 1566 1223 apud
1630 1144 1909 1204 Britones
1970 1164 2088 1202 non
2146 1145 2540 1222 reperiuntur.

307 1231 524 1290 Totam
569 1233 742 1305 enim,
789 1239 860 1292 ut
907 1233 1098 1292 dicam
1147 1234 1306 1310 quod
1337 1233 1708 1311 potissimum
1742 1239 1847 1306 est,
1895 1231 2207 1292 Scotorum
2239 1234 2541 1292 ecclesiam

301 1320 672 1380 inveniemus
711 1322 1058 1381 monasterii
1085 1323 1257 1398 quasi
1287 1322 1537 1400 speciem
1570 1323 1971 1400 praebentem,
2020 1323 2333 1381 monachos
2364 1323 2541 1382 fuisse

303 1410 664 1487 reperiemus
713 1411 1019 1488 episcopos
1065 1417 1126 1470 et
1157 1431 1358 1471 omncs
1389 1431 1576 1488 paene
1610 1411 1942 1471 sacerdotes
1972 1431 2190 1489 eosque
2220 1432 2421 1492 annes
2458 1447 2533 1456 --
2610 1408 2615 1409 ⁷

301 1519 421 1557 non
454 1499 702 1558 exclusis
733 1499 1026 1578 episcopis
1055 1536 1131 1544 —-
1161 1520 1603 1576 nonnumquam
1636 1500 1907 1560 subditos
1937 1499 2535 1579 abbati-presbytera

480 1588 582 1650 Nil
627 1589 838 1647 horum
883 1589 1044 1665 apud
1075 1589 1384 1649 Britones:
1431 1589 1646 1666 famosi
1684 1589 1776 1646 illi
1819 1589 2156 1666 presbyteri
2202 1596 2262 1648 et
2292 1589 2539 1648 abbates

299 1675 363 1735 in
395 1676 714 1736 Britonum
762 1678 1006 1736 ecclesia
1052 1698 1170 1736 non
1217 1678 1605 1738 inveniuntur
1650 1677 1747 1754 (cf.
1778 1677 1859 1736 H.
1906 1678 2025 1736 and
2056 1676 2143 1736 St.
2176 1677 2225 1750 I,
2266 1699 2323 1754 p.
2362 1678 2540 1754 143);
2598 1727 2602 1731 ,
2638 1671 2643 1674 ’

301 1767 678 1844 episcopatus
737 1767 986 1826 formam
1011 1773 1096 1826 .et
1151 1766 1514 1826 hierarchiae
1561 1771 1784 1826 statum
1838 1801 1911 1810 —-
1966 1772 2211 1842 excepto
2260 1786 2329 1824 60
2377 1766 2538 1841 quod

301 1854 844 1933 archiepiscopatus
890 1856 1144 1932 vestigia
1191 1876 1311 1915 non
1357 1861 1677 1914 occurrunt
1704 1889 1795 1900 -—
1824 1855 1943 1914 alia
1968 1855 2167 1914 -fuisse
2212 1855 2372 1931 apud
2403 1855 2538 1912 Bri-

301 1951 472 2003 tones
529 1952 710 2021 atque
766 1944 827 2002 in
875 1945 1146 2004 omnibus
1193 1947 1318 2021 ejus
1367 1944 1582 2009 aetatis
1630 1944 1888 2004 ecclesiis
1934 1943 2021 2002 nil
2067 1949 2183 2015 est,
2246 1943 2402 2020 quod
2449 1943 2537 2002 in-

302 2033 476 2091 dicet.
540 2033 814 2109 Denique
845 2067 931 2078 -—
965 2034 1124 2111 quod
1171 2033 1490 2094 maximum
1537 2040 1629 2092 est
1658 2033 1951 2109 —longe
1997 2033 2113 2091 alia
2158 2036 2337 2108 atque
2382 2031 2541 2090 inter

303 2120 582 2180 Britones
645 2127 705 2180 et
751 2119 984 2198 Anglos
1045 2122 1198 2181 ratio
1260 2122 1671 2181 intercedebat
1714 2121 1873 2180 inter
1916 2120 2152 2197 Anglos
2207 2126 2268 2179 et
2314 2120 2539 2179 Scotos.

301 2211 455 2270 Nam
488 2210 806 2268 Britonum
847 2231 992 2286 gens
1023 2211 1403 2270 infestissima
1436 2216 1566 2269 erat
1597 2210 1823 2287 Anglo-
1829 2209 2181 2282 Saxonibus‚
2230 2207 2539 2268 Scotorum

301 2303 538 2374 gentem
569 2296 794 2358 nationi
820 2295 1154 2378 Anylorum
1184 2318 1410 2379 smper
1439 2296 1855 2358 amicissimam
1870 2296 2062 2380 facisse
2091 2302 2350 2358 testatur
2372 2298 2540 2356 Beda

302 2387 384 2463 (h.
431 2408 480 2444 e.
529 2388 586 2461 4,
637 2388 717 2444 26
769 2387 806 2465 ξ
858 2388 1027 2465 340).
1120 2388 1292 2450 Unde
1353 2391 1574 2451 factum
1634 2394 1747 2461 cst,
1809 2395 1879 2447 ut
1932 2388 2329 2449 controversia
2384 2388 2541 2445 inter

301 2476 616 2536 Scotorum
676 2483 738 2535 et
783 2476 1118 2554 Anglorum
1179 2478 1454 2537 ecclesias
1513 2479 1727 2536 acerba
1788 2478 1890 2536 vix
1950 2483 2103 2536 esset
2156 2482 2219 2536 et
2272 2476 2541 2534 celeriter

301 2571 769 2643 componeretur.

483 2653 601 2713 Sed
648 2675 769 2713 rem
817 2655 1008 2732 ipsam
1055 2654 1487 2731 aggrediamur.

800 3005 1195 3089 Ecclesiae
1249 3004 2052 3089 Hiberna-Scotorum

301 3168 552 3227 historia
607 3187 792 3244 usque
848 3168 911 3226 in
956 3167 1175 3227 saeculi
1218 3168 1548 3227 duodecimi
1593 3174 1862 3247 tempora
1906 3168 2121 3226 fabulis
2165 3168 2253 3226 ita
2299 3174 2391 3227 est
2434 3170 2535 3227 ob-

300 3262 562 3329 scurata,
618 3264 688 3316 ut
747 3257 938 3315 adhuc
998 3257 1071 3315 de
1132 3257 1334 3316 multis
1379 3258 1627 3316 saeculis
1675 3258 1777 3317 vix
1821 3257 2138 3333 quicquam
2185 3257 2333 3314 certi
2378 3257 2534 3314 affir-

301 3346 451 3405 mari
496 3346 702 3423 possit.
779 3346 897 3404 Sed
944 3346 1114 3404 nobis
1160 3346 1232 3404 de
1279 3347 1388 3405 hoc
1436 3352 1562 3405 toto
1610 3345 1894 3425 temporis
1934 3346 2127 3423 spatio
2160 3344 2443 3404 disserere
2474 3346 2538 3405 in

302 3437 497 3493 animo
559 3455 676 3493 non
739 3442 844 3506 est.
935 3435 1090 3495 Nam
1151 3436 1262 3494 etsi
1323 3436 1759 3495 controversiae
1818 3434 1978 3493 illius
2032 3434 2189 3493 inter
2234 3435 2537 3494 ecclesiam

304 3522 614 3583 Scotorum
634 3521 659 3559 ²
724 3528 784 3581 et
839 3522 1246 3581 Romanorum
1307 3545 1444 3583 rara
1503 3524 1757 3601 vestigia
1815 3523 2244 3601 posterioribus
2303 3544 2537 3601 quoque

303 3613 670 3713 temporibus
728 3632 1167 3689 nonnumquam
1226 3620 1567 3686 occurrunt,
1630 3618 1829 3671 tamen
1876 3614 2106 3673 saeculo
2152 3617 2360 3673 octavo
2407 3614 2539 3691 ipsa

456 3788 476 3817 ¹
515 3784 804 3839 Ebrardus
843 3785 1141 3843 Britonum
1179 3785 1586 3855 Scotorumque
1639 3785 1905 3840 ecclesias
1952 3785 2093 3839 adeo
2145 3785 2422 3850 confudit,
2476 3790 2539 3838 ut

309 3854 742 3921 columbanum,
795 3854 1237 3923 Luxoviensem,
1286 3858 1514 3911 natione
1553 3855 1897 3920 Hiber-num,
1937 3856 2309 3910 Bancorensis
2346 3872 2535 3907 mona-

308 3928 467 3983 sterii
503 3928 564 3979 in
601 3925 882 3981 Hibernia
920 3927 1283 3997 discipulum,
1326 3929 1627 3982 educatum
1666 3944 1786 3981 esse
1822 3927 2065 3996 fingeret
2102 3928 2160 3979 in
2195 3927 2535 3981 monasterio

309 3998 704 4063 Bancorensi,
711 3998 789 4063 ‚in
825 3998 1041 4053 Wales“
1078 4016 1133 4066 p.
1175 3998 1258 4053 16.

452 4070 476 4103 ²
517 4069 715 4123 Scotos
755 4069 1074 4137 appellatos
1115 4086 1232 4123 esse
1272 4074 1490 4124 veteres
1527 4068 1841 4121 Hiberniae
1878 4067 2096 4121 insulae
2134 4068 2349 4121 incolas
2387 4068 2539 4121 inter

312 4158 498 4194 omnes
539 4144 760 4194 constat
798 4142 894 4209 (cf.
926 4140 1112 4193 Skene
1139 4140 1186 4205 I,
1227 4159 1282 4208 p
1314 4140 1458 4204 137),
1501 4139 1603 4193 sed
1641 4138 1873 4192 dubium
1901 4142 2003 4203 est,
2044 4140 2267 4207 quando
2294 4139 2354 4193 hi
2381 4139 2537 4193 Scoti

311 4211 711 4281 occupaverint
747 4212 905 4265 illam
945 4211 1309 4265 occidentalis
1335 4210 1617 4264 Albaniae
1654 4211 1689 4262 i.
1720 4228 1767 4263 e.
1799 4208 2027 4263 Scotiae
2062 4210 2371 4263 hodiernae
2409 4228 2535 4278 par·

311 4288 439 4349 tem,
481 4300 649 4352 quam
687 4286 840 4336 certe
867 4282 1054 4337 medio
1081 4282 1304 4335 saeculo
1331 4285 1492 4334 sexto
1519 4277 1871 4334 obtinebant.
1938 4280 2113 4334 Fama
2140 4298 2283 4334 anno
2312 4281 2539 4335 circiter

313 4354 414 4408 500
449 4354 558 4407 1ιο6
597 4353 808 4406 factum
846 4370 965 4407 esse
1004 4353 1268 4421 perhibet
1307 4351 1522 4420 (Skene
1564 4352 1612 4417 Ι,
1653 4371 1709 4420 p.
1753 4352 1855 4406 139
1892 4353 2019 4421 sq..)
