3167 4900
1501 223 1941 280 -50—

601 410 672 462 ut
713 402 940 481 opinor,
987 422 1022 460 a
1052 400 1317 462 Patricio
1364 401 1524 460 dicta
1571 422 1697 460 esse
1743 407 2001 460 testatur
2034 401 2419 474 Tirechanus,
2464 400 2613 460 haec
2660 401 2859 460 adhuc

599 492 801 565 hodie,
860 489 1131 568 quamvis
1177 491 1451 550 mutilata
1499 491 1621 549 sint
1666 491 1787 563 vel,
1849 491 1901 549 si
1945 491 2159 564 mavis,
2221 511 2339 550 non
2386 496 2563 549 aucta
2610 497 2861 550 exstant

600 583 662 642 in
712 582 966 659 epistula
1011 582 1096 656 (9.
1136 601 1194 658 p.
1231 581 1412 656 318):
1481 575 1617 638 Deo
1668 578 1921 660 qratia-3:
1988 578 2277 640 eredentes
2332 587 2383 638 et
2440 577 2726 661 baptizati
2780 579 2860 639 de

600 667 830 730 saeculo
883 667 1214 728 recessi-setis
1268 667 1352 728 ad
1397 667 1777 748 paradisum.
1868 668 2027 743 Quin
2090 668 2271 727 etiam
2334 690 2485 745 quae
2546 669 2610 727 in
2673 668 2860 729 dictis

599 760 717 820 illis
763 763 1094 836 sequuntur
1139 758 1362 836 optime
1411 758 1705 834 quadrare
1734 757 2013 816 videntur
2057 757 2146 830 iis,
2194 777 2347 833 quae
2394 765 2859 823 commemorato

601 848 890 926 epistulae
950 849 1079 906 loco
1134 847 1433 905 Patricius
1489 846 1770 906 disseruit
1824 847 2127 905 affirmans
2192 867 2253 904 se
2308 867 2486 905 unum
2548 847 2859 924 baptisma

595 945 662 997 et
706 957 886 996 unum
937 936 1110 993 deum
1155 936 1402 1009 habere,
1451 937 1728 1007 eundem,
1777 955 1951 1012 quem
2000 935 2101 994 alii
2148 934 2491 994 Christiani.
2582 936 2669 994 Et
2717 936 2858 1013 quis

599 1026 820 1085 audeat
880 1024 1235 1084 contendere
1301 1045 1435 1082 eum
1496 1025 1603 1100 qui
1661 1025 1733 1083 de
1789 1022 2002 1083 civibus
2054 1032 2391 1083 sanctorum
2433 1020 2859 1086 Romanorum

603 1114 961 1174 mentionem
1008 1113 1152 1172 fecit
1197 1113 1340 1189 (vid.
1374 1115 1605 1192 supra),
1670 1133 1844 1190 quem
1890 1114 2147 1189 aliquam
2196 1133 2329 1170 cum
2374 1113 2665 1172 Romanis
2712 1134 2855 1172 con-

600 1202 972 1263 suetudinem
1032 1202 1308 1262 habuisse
1371 1210 1596 1261 certum
1639 1208 1776 1275 -est,
1846 1223 1965 1260 non
2010 1201 2289 1278 potuisse
2350 1203 2610 1260 scribere
2674 1203 2855 1262 illud:

600 1289 875 1352 aecclesia
905 1288 1217 1350 Scotorum
1245 1289 1428 1350 immo
1457 1287 1876 1350 Romanorum
1906 1297 2016 1350 etc.
2106 1291 2381 1367 Denique
2423 1311 2543 1350 non
2574 1291 2855 1350 omittam

597 1401 1061 1440 commemorare
1093 1380 1156 1438 in
1179 1380 1378 1438 verbis
1407 1379 1527 1439 illis
1551 1378 1858 1450 „timorem
1890 1379 1988 1438 dei
2013 1377 2193 1438 habui
2220 1378 2427 1440 ducem
2458 1378 2715 1439 itinem‘ffl
2740 1387 2855 1439 etc.

601 1471 789 1548 ipsam
836 1469 1090 1528 Patricii
1136 1474 1392 1527 mentem
1441 1468 1631 1528 videri
1676 1469 1931 1546 spirare,
1992 1489 2129 1527 nam
2184 1468 2257 1526 de
2310 1469 2525 1527 timore
2580 1469 2679 1527 dei
2722 1491 2853 1528 sae-

601 1559 842 1636 pissime
887 1557 1168 1634 loquitur.

780 1645 1022 1704 Summa
1065 1646 1254 1722 igitur
1297 1653 1404 1720 est,
1450 1647 1612 1723 >quod
1657 1647 1987 1706 Patricium
2032 1666 2292 1721 unquam
2336 1646 2401 1704 in
2432 1645 2615 1706 Italia
2663 1647 2852 1705 fuisse

601 1742 662 1794 et
706 1735 970 1810 aliquam
1015 1755 1146 1792 cum
1193 1735 1482 1795 Romanis
1529 1736 2010 1794 consuetudinem
2057 1735 2335 1793 habuisse
2381 1734 2528 1792 mihi
2572 1735 2849 1812 persuasi

602 1825 853 1901 ideoque
901 1844 1108 1882 censeo
1149 1828 1284 1899 jure
1331 1825 1587 1884 attribui
1615 1824 1879 1884 Patricio
1925 1845 2077 1900 quae
2124 1823 2186 1880 in
2232 1823 2391 1882 libro
2422 1820 2851 1882 Ardmachano

599 1919 838 1972 exstant
883 1913 1078 1985 „dicta
1109 1912 1415 1988 Patricii“,
1460 1915 1601 1973 licet
1646 1913 1958 1972 concedam
2005 1933 2099 1971 me
2146 1913 2390 1985 nescire,
2436 1933 2511 1970 an
2558 1915 2853 1972 nonnulla

602 2003 663 2060 in
711 2003 784 2060 iis
833 2023 868 2060 a
913 2001 1344 2080 posterioribus
1391 2003 1625 2077 adjecta
1670 2003 1805 2062 sint.

780 2090 946 2164 Quae
1004 2111 1134 2149 cum
1191 2090 1279 2149 ita
1333 2092 1477 2162 sint,
1542 2091 1723 2150 etiam
1776 2089 2075 2148 difficilior
2134 2089 2382 2167 partim,
2443 2090 2664 2166 partim
2713 2091 2851 2148 sim-

599 2179 812 2257 plicior
854 2181 1014 2237 facta
1061 2183 1151 2236 est
1198 2180 1467 2255 quaestio
1511 2180 1616 2238 illa
1662 2200 1843 2257 supra
1890 2181 1971 2256 (p.
2023 2179 2133 2254 31)
2180 2179 2505 2256 proposita,
2553 2200 2851 2254 quaenam

599 2269 756 2326 ratio
803 2267 1206 2327 intercesserit
1261 2268 1420 2326 inter
1465 2267 1793 2327 Patricium
1840 2274 1901 2327 et
1945 2267 2301 2326 PaUadium.
2390 2267 2497 2326 Ad
2540 2267 2695 2327 hanc
2740 2269 2851 2346 igi-

599 2365 700 2416 tur
755 2356 1096 2416 solvendam
1154 2356 1480 2416 redeamus.
1570 2357 1760 2417 Varia
1820 2358 2051 2416 ratione
2113 2376 2299 2433 usque
2360 2357 2437 2414 ad
2497 2356 2851 2416 hodiernum

599 2447 755 2507 diem
801 2467 930 2505 rem
975 2445 1295 2523 explanare
1341 2446 1696 2506 studuerunt
1741 2447 1857 2506 viri
1904 2447 2083 2506 docti.

779 2533 874 2593 Ac
921 2535 1176 2614 primum
1225 2536 1464 2611 quidem
1509 2558 1580 2595 ea
1592 2581 1607 2609 ,
1669 2557 1787 2613 qua
1842 2558 1983 2596 usae
2028 2536 2189 2596 vitae
2234 2534 2487 2593 Patricii
2546 2536 2854 2596 finxerunt

599 2623 927 2683 Patricium
992 2645 1029 2682 a
1088 2624 1258 2700 Papa
1319 2624 1657 2686 Coelestino
1718 2627 1813 2685 vel
1876 2646 1913 2684 a
1973 2623 2273 2684 Germano
2335 2621 2853 2686 Autissiodorensi

600 2712 909 2771 suffectum
955 2732 1081 2770 esse
1127 2713 1190 2771 in
1235 2713 1430 2772 locum
1475 2713 1760 2787 Palladii,
1823 2715 2044 2792 quippe
2101 2714 2205 2790 qui
2256 2713 2479 2772 infecta
2539 2734 2604 2771 re
2651 2734 2849 2774 rever-

597 2801 787 2859 tisset.
879 2799 1056 2873 Quod
1101 2801 1153 2859 si
1199 2800 1284 2859 ita
1331 2807 1500 2875 esset,
1547 2803 1745 2875 nobis,
1806 2808 1867 2860 et
1911 2804 2051 2878 quia
2098 2801 2468 2861 Ooelestinus
2513 2823 2631 2859 uno
2688 2824 2849 2861 anno

598 2896 736 2969 post
781 2889 1024 2948 missum
1070 2888 1404 2948 Palladium
1451 2912 1482 2949 e
1527 2892 1657 2950 vita
1702 2890 1852 2949 exiit
1896 2897 1959 2950 et
2005 2891 2147 2966 quia
2176 2891 2475 2951 Patricius
2522 2912 2680 2950 anno
2719 2895 2848 2967 jam

599 2977 728 3039 432
786 2980 850 3056 (i.
907 2999 956 3036 e.
1012 2977 1268 3037 secundo
1323 2980 1481 3057 regis
1536 2979 1786 3057 Logairi
1841 2984 2021 3057 anno)
2078 2980 2142 3037 in
2197 2980 2553 3039 Hiberniam
2613 2982 2849 3040 venisse

596 3069 860 3128 traditur
891 3070 1116 3144 (annot.
1149 3066 1381 3127 Tirech.
1411 3070 1667 3129 Betham
1698 3069 1767 3127 II
1798 3090 1933 3149 app.
1965 3091 2023 3147 p.
2054 3069 2268 3146 XIX),
2312 3071 2645 3147 putandum
2691 3076 2850 3128 esset

597 3156 936 3216 Palladium
989 3178 1064 3215 ne
1120 3178 1301 3216 unum
1349 3160 1586 3235 quidem
1632 3159 1934 3237 integrum
1991 3179 2211 3218 annum
2258 3158 2325 3216 in
2369 3159 2667 3217 Hibernia
2721 3180 2847 3216 mo-

597 3254 795 3307 ratum
860 3267 1042 3305 esse..
1095 3246 1270 3320 Quod
1332 3268 1464 3306 cum
1525 3249 1765 3307 minime
1836 3249 2091 3325 quadret
2146 3248 2433 3325 Prosperi
2493 3247 2849 3321 narrationi,

595 3356 775 3411 quam
828 3335 974 3394 vitis
1027 3334 1144 3393 fide
1200 3335 1532 3412 digniorem
1583 3358 1713 3397 esse
1774 3358 1943 3396 nemo
1989 3342 2171 3414 negat
2215 3336 2359 3411 (vid.
2390 3357 2575 3414 supra
2614 3359 2675 3415 p.
2710 3338 2849 3414 31),

597 3425 710 3483 hac
754 3425 986 3483 ratione
1033 3424 1302 3500 quaestio
1349 3426 1502 3485 solvi
1545 3446 1667 3485 non
1710 3431 1928 3504 potest.

775 3511 1052 3571 Alteram
1099 3512 1286 3589 igitur
1332 3515 1729 3573 examinemus
1748 3559 1762 3587 ‚
1808 3514 2039 3573 Varini.
2130 3513 2393 3573 Varinus
2438 3514 2597 3573 enim
2643 3512 2844 3573 Palla-

597 3602 760 3660 dium
805 3622 1009 3659 eorum
1057 3600 1385 3675 Scotorum,
1435 3603 1538 3680 qui
1583 3602 1647 3660 in
1691 3602 2019 3661 Albaniam
2065 3602 2655 3679 transmigraverant,
2702 3623 2844 3679 apo-

595 3691 814 3749 stolum
867 3690 1050 3749 fuisse
1106 3697 1308 3767 putat,
1375 3691 1707 3751 Patricium
1772 3690 2085 3751 Scotorum
2144 3691 2475 3750 Hiberniae
2529 3694 2727 3766 (mem.
2787 3694 2845 3763 2,

595 3802 653 3859 p.
701 3781 824 3838 123
867 3782 1043 3857 sqq.).
1146 3778 1238 3838 At
1297 3779 1464 3840 Scoti
1522 3780 1745 3856 ubique
1806 3787 1867 3839 et
1924 3780 2191 3858 proxime
2258 3780 2643 3857 intellegendi
2704 3787 2849 3839 sunt

595 3869 926 3929 Hiberniae
971 3869 1200 3927 insulae
1246 3869 1502 3939 incolae,
1549 3890 1743 3945 neque
1792 3868 2077 3927 affirmari
2120 3876 2323 3946 potest
2366 3869 2651 3946 Prosperi
2696 3876 2843 3928 tem-

593 3960 840 4037 poribus
903 3959 1142 4017 omnino
1200 3958 1265 4015 in
1323 3959 1593 4016 Albania
1652 3958 1862 4017 scotos
1925 3961 2053 4033 jam
2110 3959 2292 4017 fuisse
2352 3960 2539 4035 (supr.
2595 3980 2655 4035 p.
2714 3960 2845 4034 29).

595 4048 922 4108 Praeterea
975 4047 1352 4107 manifestum
1397 4053 1491 4106 est
1543 4068 1621 4105 ex
1673 4048 1959 4125 Prosperi
2012 4046 2210 4107 verbis
2262 4045 2445 4117 ,dum
2500 4044 2847 4109 Romanam

593 4132 854 4196 ivi-sulam
895 4134 1082 4195 studet
1125 4154 1356 4194 servare
1409 4132 1755 4196 catholicam
1798 4134 1949 4217 fecit
1995 4134 2173 4194 etiam
2216 4132 2539 4195 barbaram
2581 4133 2843 4197 christia-

593 4232 782 4283 nam“
840 4227 1046 4301 (supra
1107 4244 1168 4301 p.
1217 4224 1328 4298 31)
1388 4224 1755 4303 Prospernm
1812 4221 2125 4285 Romanae
2184 4224 2411 4283 insulae
2470 4226 2846 4299 Britanniae,

597 4316 766 4387 cujus
825 4334 966 4390 pars
1025 4318 1158 4371 erat
1217 4312 1398 4371 etiam
1457 4314 1591 4389 ipsa
1650 4313 1943 4387 Albania,
2008 4314 2261 4371 alteram
2316 4315 2662 4392 opposuisse
2706 4317 2845 4374 bar-
