3167 4900
1196 226 1642 283 —71—

305 424 435 465 cum
492 422 587 475 ea,
650 422 769 479 qua
814 400 981 461 Scoti
1026 402 1384 475 utebantur,
1440 402 1829 479 computandi
1869 403 2011 462 festi
2047 403 2346 480 paschalis
2389 404 2552 463 ratio

304 494 507 553 eadem
554 492 755 563 fuerit,
802 510 955 569 quae
992 490 1313 551 Britonum
1358 526 1447 537 --
1495 493 1656 567 quod
1701 492 1968 569 profecto
2013 492 2228 551 mirum
2272 511 2392 550 non
2435 495 2545 565 est,

302 583 411 641 etsi
455 581 727 641 Patricio
788 598 920 638 cum
964 580 1255 639 Romanis
1312 580 1686 640 necessitudo
1744 580 1886 653 fuit,
1946 600 2088 639 nam
2145 582 2349 639 eadem
2376 585 2552 639 ..tune

299 670 559 731 Romani
602 671 931 728 utebantur
972 670 1111 727 festi
1156 670 1451 747 paschalis
1492 668 1956 747 computatione,
1995 688 2116 744 qua
2145 669 2430 729 Britones
2467 702 2544 724 --.·

304 761 377 819 ad
422 778 511 832 ea,
560 775 712 833 quae
740 774 925 835 ‘supra
964 760 1047 835 (p.
1083 758 1165 815 '19
1199 751 1357 835 sqq.)
1389 758 1658 831 disserui,
1707 760 1958 817 lectores
1989 758 2260 835 delegare
2291 777 2550 835 possum.

305 850 511 925 Neque
556 848 777 919 habeo,
812 847 972 923 quod
1018 846 1091 904 de
1136 853 1381 907 tonsura
1426 846 1730 925 prioribus
1775 850 1860 924 (p.
1893 848 1972 904 21
2010 850 2124 924 sq.)
2156 848 2387 906 addam.
2463 846 2550 905 Et

300 938 433 1016 ipsa
480 936 644 995 enim·
684 935 890 994 eadem
938 942 1069 994 erat
1114 935 1275 1013 apud
1321 936 1547 1007 Scotos‚
1597 954 1748 1011 quae
1794 936 1954 1013 apud
1999 936 2282 994 Britones
2319 970 2408 981 --
2437 935 2552 993 hoc

302 1032 529 1085 certum
574 1028 683 1097 est,
729 1024 833 1082 sed
878 1030 1078 1082 utrum
1117 1027 1245 1100 J'am
1288 1024 1605 1097 Patricius,
1651 1031 1723 1083 ut
1767 1031 1972 1083 censet
2009 1023 2336 1100 Catalogus
2365 1022 2550 1095 Sanc·

300 1122 517 1183 torum,
562 1118 837 1171 attonsus
881 1110 1063 1171 fuerit
1106 1114 1289 1191 idque
1334 1120 1583 1172 tonsura
1625 1113 1946 1171 Britonum
1989 1119 2054 1171 et
2093 1111 2426 1185 Scotorum,
2473 1132 2553 1169 an

302 1202 619 1281 peculiaris
652 1202 757 1259 illa
786 1202 1141 1261 tonsurandi
1170 1202 1327 1261 ratio
1350 1201 1784 1280 posterioribus
1807 1201 2176 1279 temporibus
2199 1200 2438 1259 aliunde
2468 1232 2546 1255 -.-—

302 1292 467 1355 haud,
522 1284 702 1351 sciam
764 1310 841 1349 an
904 1310 977 1348 ex
1022 1288 1223 1349 Gallia
1280 1310 1401 1349 una
1461 1310 1593 1349 cum
1653 1291 1782 1349 vita
1841 1290 2186 1349 monachica
2237 1322 2312 1335 -—
2365 1288 2551 1346 etin

302 1380 679 1440 Britanniam
712 1385 773 1438 et
803 1379 865 1437 in
890 1379 1247 1438 Hiberniam
1268 1380 1628 1456 pervenerit,
1659 1379 1723 1437 in
1745 1379 1942 1438 medio
1963 1377 2418 1454 relinquendum
2443 1382 2552 1435 est.

484 1468 655 1530 Haec
715 1468 901 1545 igitur
954 1468 1029 1525 de
1074 1468 1390 1541 Columba,
1453 1469 1527 1526 de
1574 1472 1743 1543 eujus
1788 1487 2044 1547 persona
2087 1472 2150 1541 et
2193 1471 2394 1526 aetate
2437 1464 2555 1523 hac

304 1564 543 1617 nostrae
602 1556 1029 1635 disputationis
1087 1562 1261 1635 parte
1318 1557 1610 1617 disserere
1667 1576 1848 1633 supra
1905 1556 2078 1615 nobis
2119 1554 2551 1632 proposuimus.

306 1639 423 1705 Sed
468 1646 815 1723 priusquam
858 1645 939 1703 ad
984 1652 1331 1721 sequentem
1360 1644 1816 1723 progredientes
1846 1651 2080 1722 partem
2111 1643 2556 1720 cognoscendae

304 1733 583 1793 eeclesiae
642 1734 1275 1811 Nordanhymbrorum
1348 1740 1411 1792 et
1474 1741 1728 1794 naturae
1799 1742 1860 1793 et
1919 1732 2358 1791 controversiae
2419 1750 2552 1788 cum

303 1824 579 1882 Romana
610 1823 855 1881 ecclesia
888 1842 1129 1899 operam
1160 1824 1382 1896 demus,
1412 1823 1621 1899 paucis
1643 1842 1846 1883 earum
1867 1821 2201 1881 ffiberniae
2220 1819 2556 1895 regionum,

306 1932 461 1989 quae
504 1930 542 1969 a
584 1911 847 1970 dominio
893 1912 1233 1970 Hiiensium
1279 1912 1505 1971 liberae
1550 1920 1748 1985 erant,
1800 1910 2112 1972 historiam
2157 1908 2552 1967 absolvamus.

428 2020 435 2023 ·
488 1999 565 2057 In
612 2001 971 2059 australibus
1016 2001 1175 2058 enim
1205 2000 1537 2059 Hiberniae
1580 2001 1856 2079 partibus
1901 2000 2104 2077 paullo
2149 2002 2289 2055 ante
2333 2014 2552 2055 annum

310 2090 439 2148 630
486 2088 747 2149 Romani
808 2089 961 2149 inito
1018 2090 1313 2149 nescimus
1356 2090 1650 2165 quomodo
1697 2108 1828 2148 cum
1872 2086 2162 2147 Hibernis
2203 2083 2556 2159 commercio

308 2198 441 2237 cum
469 2178 591 2238 illis
620 2198 799 2254 agere
832 2185 1173 2257 coeperunt,
1214 2184 1283 2237 ut
1314 2180 1549 2253 abjecto
1576 2198 1686 2236 suo
1717 2176 2058 2237 celebrandi
2085 2174 2228 2233 festi
2258 2172 2556 2251 paschalis

304 2286 470 2325 more
526 2266 593 2323 in
646 2267 942 2326 unitatem
990 2267 1269 2327 ecclesiae
1314 2269 1600 2327 redirent.
1692 2266 1869 2341 Quod
1915 2264 2029 2324 etsi
2071 2263 2247 2325 initio
2291 2260 2554 2320 Hiberni

304 2356 679 2427 recusabant,
724 2362 927 2414 tamen
964 2356 1171 2433 paucis
1210 2358 1385 2415 annis
1410 2362 1567 2435 post,
1614 2374 1770 2415 anno
1805 2356 1951 2427 630,
1997 2359 2065 2412 ut
2095 2353 2352 2423 videtur,
2399 2370 2554 2408 come

304 2443 455 2504 moti
512 2444 701 2522 ipsius
746 2445 1007 2505 Honorii
1062 2465 1255 2524 papae
1310 2446 1563 2524 epistula
1619 2442 1846 2522 synodo
1891 2443 2302 2522 episcoporum
2345 2438 2557 2497 habita

306 2535 386 2592 ad
451 2533 743 2610 Campum
812 2532 1013 2592 album
1082 2534 1289 2611 (Magh
1306 2567 1327 2580 ·
1343 2535 1561 2611 Lens).
1605 2553 1808 2592 omnes
1873 2531 2154 2590 australis
2221 2527 2557 2586 Hiberniae

304 2623 539 2682 incolae
603 2622 823 2699 pascha
893 2623 1177 2681 canonico
1246 2623 1369 2682 ritu
1430 2624 1748 2682 observare
1819 2621 2156 2680 didicerunt
2215 2623 2278 2675 et
2337 2614 2558 2692 legatis

305 2711 561 2770 Romam
620 2710 817 2770 missis
876 2731 1021 2789 pace
1080 2731 1213 2771 cum
1268 2711 1557 2771 Romanis
1615 2712 1778 2770 facta
1836 2709 2262 2768 intellexerunt
2318 2725 2380 2764 se
2439 2703 2557 2762 nisi

308 2802 657 2876 conjunctos
719 2819 851 2858 eum
916 2800 1211 2878 episeopis
1270 2800 1558 2860 Romanis
1620 2801 1915 2858 unitatem
1975 2796 2256 2855 ecelesiae
2315 2811 2560 2854 servare

308 2907 427 2946 non
472 2887 701 2966 posse.²

486 2976 659 3035 Haec
718 2976 918 3035 omnia
962 2977 1243 3036 Hiienses
1296 2998 1472 3055 aegre
1520 2979 1789 3038 tulerunt
1831 2973 2146 3051 (Gumeani
2192 2993 2284 3049 ep.
2333 2991 2392 3046 p.
2440 2968 2522 3024 20
2539 2989 2558 3025 t

308 3085 348 3124 a
391 3061 551 3124 vobis
592 3063 925 3145 impuynor,
972 3087 1030 3142 p.
1066 3067 1177 3122 22:
1226 3083 1371 3124 onus
1416 3075 1499 3124 est
1536 3063 1696 3126 vobi-3
1741 3062 1899 3144 quod
1941 3060 2099 3136 dico)
2145 3060 2270 3118 sive
2308 3057 2558 3116 omnino

308 3154 435 3214 sive
467 3153 627 3229 quod
671 3172 793 3212 una
836 3173 973 3214 cum
1016 3154 1149 3212 aliis
1192 3154 1473 3214 australis
1501 3153 1836 3212 Hiberniae
1865 3148 2238 3209 monasteriis
2267 3153 2330 3205 et
2359 3146 2556 3223 ipsum

308 3243 785 3301 Dearmaehense
828 3243 973 3318 (vid.
1016 3262 1197 3320 supra
1241 3263 1299 3320 p.
1335 3243 1462 3320 54),
1510 3245 1679 3318 cujus
1723 3241 1912 3300 abbas
1940 3239 2276 3298 Cumeanus
2319 3235 2563 3295 videtur

308 3331 519 3404 fuisse,
566 3331 643 3390 ad
686 3330 991 3390 Romanos
1035 3332 1389 3403 transierat3
1434 3349 1630 3408 neque
1674 3330 1792 3408 ipsi
1836 3347 2028 3405 neque
2073 3321 2560 3405 septentrionalis

308 3419 645 3478 Hiberniae
702 3420 963 3498 episcopi
1020 3421 1276 3497 epistula
1328 3421 1433 3478 illa
1475 3421 1522 3479 J
1523 3419 1774 3480 ohannis
1816 3437 2032 3496 papae,
2091 3416 2168 3473 de
2213 3433 2332 3490 qua
2375 3429 2561 3488 supra-

216 3521 222 3527 ·
310 3507 537 3567 dictum
592 3515 691 3567 est
728 3511 811 3586 (p.
862 3509 971 3585 58)
1018 3510 1295 3568 commoti
1353 3517 1517 3582 sunt,
1576 3515 1648 3568 ut
1701 3507 2046 3568 societatem
2089 3524 2224 3563 cum
2267 3499 2561 3560 Romanis

312 3596 551 3656 inirent.
626 3595 843 3672 Itaque
891 3617 1043 3674 quae
1088 3597 1161 3656 de
1192 3598 1543 3657 Hiiensibus
1582 3604 1646 3656 et
1674 3598 1748 3658 de
1780 3594 2074 3654 Hibernia
2104 3573 2559 3669 septentrionali

310 3684 568 3763 amplius
614 3686 865 3744 dicenda
910 3693 1066 3759 sunt,
1114 3687 1175 3744 in
1222 3687 1607 3762 sequentibus
1651 3685 1864 3744 melius
1912 3703 2088 3760 quam
2134 3683 2248 3740 hoc
2291 3681 2422 3738 loco
2453 3679 2558 3736 ab·

459 3893 481 3925 ¹
520 3893 797 3947 Nituntur
830 3895 970 3946 haec
998 3895 1186 3947 omnia
1212 3897 1269 3948 et
1296 3893 1566 3947 Cumeani
1595 3893 1838 3961 epistula
1861 3893 1935 3945 ad
1962 3889 2267 3959 Segenium
2292 3887 2558 3966 abbatem

313 3963 613 4019 Hiiensem
650 3965 977 4034 (623—-652,
1016 3963 1091 4020 H.
1130 3965 1243 4018 and
1270 3965 1353 4020 St.
1381 3965 1461 4030 II,
1504 3966 1533 4018 1
1572 3982 1630 4032 p.
1661 3965 1808 4032 135),
1849 3977 1994 4031 quae
2034 3965 2217 4014 exstat
2253 3961 2312 4012 in
2339 3956 2558 4010 Usseru

293 4039 570 4094 ‚veterum
592 4036 959 4104 epistolarum
978 4035 1401 4090 hibernicarum
1422 4036 1659 4105 sylloge.
1699 4034 1862 4086 Paris
1886 4033 2040 4087 1665.
2083 4048 2170 4100 ep.
2194 4033 2259 4084 11
2281 4047 2334 4098 p.
2348 4027 2414 4082 17
2435 4043 2556 4094 sqq.

314 4112 373 4160 et
419 4107 615 4160 Bedae
662 4106 794 4162 hist.
834 4109 883 4172 2,
929 4108 995 4162 19
1047 4107 1079 4176 ξ
1123 4107 1226 4160 143
1264 4125 1383 4176 sqq.
1432 4110 1491 4160 et
1535 4103 1586 4170 3,
1629 4106 1660 4160 3
1714 4105 1746 4175 ξ
1789 4105 1908 4158 155.
1983 4103 2086 4170 Et,
2141 4119 2251 4171 quo
2299 4105 2561 4166 tempore

314 4177 467 4231 facta
505 4178 635 4241 siut,
676 4194 804 4230 cum
830 4177 1227 4246 episcoporum
1253 4175 1639 4231 Romanorum
1663 4175 1892 4230 nomina
1917 4173 2198 4228 definiunt
2221 4167 2558 4242 (625—640)

310 4252 434 4302 tum
482 4247 793 4302 incertiora
836 4249 1068 4318 quidem
1118 4248 1219 4300 illa
1257 4249 1358 4301 sed
1396 4249 1531 4302 satis
1567 4249 1718 4302 bona
1755 4251 2089 4316 argumenta
2133 4263 2204 4298 ex
2241 4245 2383 4313 ipsis
2424 4241 2560 4296 festi

315 4319 607 4388 paschalis
644 4319 1160 4387 computationibus
1200 4319 1497 4386 desumpta
1530 4318 1752 4387 (Skene
1787 4317 1867 4384 Π,
1907 4336 1964 4387 p.
2006 4317 2156 4387 161).
