3167 4900
1501 225 1933 281 ...62—

603 412 830 466 certum
878 411 984 478 est,
1033 404 1084 462 si
1131 403 1234 480 qui
1278 404 1501 463 fuerint
1534 403 1733 462 clerici
1763 401 2165 464 monachicam
2198 401 2385 460 vitam
2418 421 2537 459 non
2570 400 2846 479 amplexi,

603 495 877 572 exiguum
924 495 1106 552 fuisse
1153 514 1464 552 numerum
1514 513 1731 551 eorum.

783 585 938 644 Nam
985 583 1194 641 relicta
1239 583 1303 639 in
1334 582 1527 641 medio
1560 582 1664 639 illa
1698 581 2043 657 quaestione
2091 600 2199 656 pro
2234 586 2397 638 certo
2430 579 2847 636 affirmandum

603 680 694 732 est
739 673 804 730 in
851 672 1102 748 singulis
1149 671 1447 748 parochiis
1493 671 1625 748 ipsa
1670 669 2030 728 monasteria
2075 669 2187 742 ita,
2236 689 2309 726 ne
2357 669 2549 727 dicam
2594 687 2850 739 omnem,

606 767 764 820 certe
810 763 934 820 fere
981 781 1211 822 omnem
1259 761 1591 818 animarum
1648 779 1847 816 curam
1904 759 2153 834 gessisse
2211 756 2435 834 (Skene
2480 757 2579 828 II,
2626 777 2683 834 p.
2735 757 2849 831 72)

602 857 672 908 ut
717 851 992 908 monachi
1037 851 1132 908 vel
1177 849 1424 907 abbates
1456 848 1795 926 presbyteri
1824 848 2106 925 parvulos
2149 846 2529 923 baptizarent
2560 845 2848 921 (Adamn.

605 939 708 998 vit.
757 937 885 996 Col.
937 940 993 1010 2,
1044 939 1123 995 47
1175 959 1232 1014 Ρ.
1284 938 1439 1010 215;
1491 939 1556 1010 2,
1610 938 1721 1009 63,
1768 959 1825 1014 p.
1878 937 2031 1012 220)
2094 936 2393 1012 improbos
2460 935 2851 1010 objurgantes

607 1028 973 1104 corrigerent
1020 1026 1124 1103 (ib.
1175 1029 1228 1102 1,
1264 1027 1366 1098 40,
1413 1047 1471 1104 p.
1507 1027 1661 1100 212)
1708 1025 1897 1101 iisque
1943 1025 2348 1102 poenitentiae
2396 1043 2701 1082 mensuras
2748 1023 2849 1080 de-

605 1117 846 1174 finirent
910 1116 1013 1190 (ib.
1068 1118 1122 1186 1,
1177 1118 1273 1185 17,
1320 1137 1378 1192 Ρ.
1430 1115 1603 1190 204),
1667 1114 2082 1172 eucharistiam
2144 1114 2206 1170 in
2266 1111 2539 1190 proxima
2601 1111 2851 1169 ecclesia

605 1205 1019 1263 celebrandam
1067 1210 1361 1276 curarent,
1407 1205 1554 1280 ipsis
1604 1204 1840 1278 synodis
1890 1203 2163 1260 adessent
2196 1203 2299 1278 (ib.
2337 1203 2393 1274 3,
2428 1201 2532 1274 85,
2580 1223 2637 1278 p.
2674 1200 2849 1275 228),

604 1294 858 1370 denique
927 1293 1376 1369 quibuscunque
1453 1292 1736 1350 laicorum
1815 1291 2132 1350 aerumniis
2204 1297 2491 1366 quantum
2568 1294 2851 1366 poterant

609 1403 808 1441 curam
856 1382 1209 1440 adhiberent
1255 1383 1358 1457 (ib.
1408 1401 1456 1439 e.
1503 1402 1560 1456 g.
1612 1382 1669 1453 2,
1721 1381 1821 1452 74,
1869 1401 1925 1456 p.
1978 1380 2149 1456 224).

787 1470 906 1530 Sed
953 1471 1124 1543 absit,
1172 1476 1241 1528 ut
1285 1475 1458 1546 putes
1504 1470 1591 1527 ita
1622 1469 1949 1547 descriptas
1981 1469 2160 1526 fuisse
2193 1468 2324 1526 illas
2355 1467 2848 1526 monasteriorum

609 1559 943 1637 parochias,
1013 1565 1083 1616 ut
1146 1559 1370 1616 nemini
1438 1559 1643 1616 liceret
1709 1559 1773 1616 in
1836 1557 2081 1615 alterius
2151 1557 2498 1616 monasterii
2566 1556 2850 1633 parochia

609 1648 952 1706 ministeriis
1000 1647 1413 1706 ecclesiasticis
1458 1647 1646 1724 fungi,
1702 1682 1776 1689 —
1828 1667 1859 1704 e
1907 1646 2204 1704 contrario
2253 1645 2534 1723 permulti
2589 1645 2678 1702 illi
2724 1665 2849 1702 mo-

613 1736 811 1808 nachi,
873 1738 975 1812 qui
1021 1736 1243 1794 relictis
1303 1736 1516 1814 patriis
1562 1735 1909 1811 regionibus
1961 1735 2109 1794 alias
2157 1736 2382 1794 insulae
2428 1739 2631 1811 partes
2677 1754 2849 1810 pera-

611 1827 872 1901 grabant
917 1826 1060 1900 (vid.
1107 1825 1305 1900 infra),
1351 1825 1592 1882 minime
1633 1825 1805 1884 vetiti
1856 1829 2027 1882 erant
2070 1845 2178 1881 nec
2222 1824 2533 1900 baptizare
2565 1821 2851 1899 (Adamn.

611 1915 719 1974 vit.
752 1913 880 1974 Col.
927 1915 983 1986 2,
1018 1914 1120 1986 47,
1167 1934 1223 1989 p.
1259 1913 1412 1989 215)
1462 1934 1567 1971 nec
1616 1912 2033 1976 confitentibus
2064 1933 2303 1990 operam
2338 1912 2479 1970 dare
2512 1912 2617 1987 (ib.
2656 1913 2711 1980 1,
2751 1913 2851 1982 17,

586 2025 670 2080 ·p.
722 2003 893 2079 204),
955 2004 1096 2060 item
1157 2002 1344 2074 absit,
1391 2009 1461 2060 ut
1523 2007 1698 2080 putes
1760 2002 2032 2060 omnibus
2093 2002 2466 2060 monasteriis
2526 2001 2679 2058 hanc
2724 2005 2849 2061 tam

615 2098 838 2149 arctam
887 2111 1015 2148 cum
1064 2091 1230 2150 laicis
1275 2091 1765 2150 necessitudinem
1797 2091 1977 2148 fuisse
2026 2096 2087 2148 et
2118 2110 2318 2148 omnes
2352 2088 2667 2148 monachos
2696 2089 2852 2146 hanc

501 2199 508 2206 ·
615 2179 1032 2238 canonicorum
1079 2179 1331 2256 speciem
1376 2181 1735 2259 praebuisse,
1788 2215 1859 2224 —
1916 2200 1947 2236 e
1996 2178 2291 2238 contrario
2348 2179 2602 2236 alterum
2663 2176 2849 2254 quod·

615 2270 751 2327 dam
799 2274 860 2326 et
905 2268 1395 2327 monasteriorum
1443 2275 1502 2327 et
1542 2268 1959 2327 monachorum
1992 2288 2193 2343 genus,
2242 2266 2736 2338 anachoreticum,
2781 2271 2851 2322 ut

614 2358 701 2415 ita
748 2357 958 2429 dicam,
1005 2357 1068 2414 in
1115 2357 1360 2415 ecclesia
1392 2356 1703 2416 Scotorum
1747 2357 2043 2416 exstitisse
2088 2357 2247 2415 infra
2294 2356 2651 2428 videbimus;
2698 2375 2855 2413 nunc

609 2450 736 2522 jam
781 2453 1016 2524 tempus
1063 2453 1170 2519 est,
1217 2453 1285 2505 ut
1317 2447 1618 2523 expositis,
1666 2467 1816 2522 quae
1865 2446 1937 2504 de
1969 2446 2462 2507 monasteriorum
2496 2444 2856 2504 auctoritate

610 2536 948 2612 generatim
981 2535 1230 2594 dicenda
1262 2543 1450 2609 erant,
1476 2536 1783 2594 redeamus
1808 2537 1883 2593 ad
1906 2536 2165 2613 priorem
2192 2556 2395 2594 earum
2422 2534 2855 2610 quaestionum,

619 2645 765 2702 quas
826 2644 1008 2701 supra
1055 2627 1136 2701 (p.
1188 2624 1297 2701 57)
1362 2624 1792 2702 proposuimus.
1886 2625 2251 2697 Quaeramus
2314 2622 2501 2699 igitur
2547 2614 2689 2681 num
2736 2623 2855 2680 sin·

615 2714 821 2789 gulare
854 2712 1051 2785 fuerit,
1085 2714 1242 2788 quod
1275 2714 1460 2771 abbas
1492 2713 1759 2771 Hiiensis
1802 2714 2183 2790 presbyterus
2223 2719 2395 2771 tanta
2428 2713 2589 2790 apud
2620 2718 2857 2789 septen-

615 2802 900 2860 trionales
949 2798 1156 2859 Scotos
1205 2807 1266 2859 et
1311 2802 1471 2877 apud
1517 2822 1717 2859 omnes
1764 2802 1970 2861 Pictos
2014 2802 2269 2861 florebat
2315 2801 2689 2861 auctoritate.

797 2890 975 2949 Certo
1024 2889 1342 2966 singularis
1403 2897 1535 2949 erat
1595 2895 1657 2948 et
1716 2896 1885 2950 tanta
1946 2892 2271 2950 auctoritas
2334 2896 2394 2947 et
2412 2934 2426 2962 ,
2488 2891 2605 2948 nisi
2664 2890 2857 2960 fallor,

617 2985 788 3038 tanta
834 2978 1158 3037 auctoritas
1206 2979 1442 3037 abbatis
1489 2979 1839 3056 presbyteri.
1930 2981 2175 3041 Nullum
2220 2979 2377 3037 enim
2438 2978 2600 3037 aliud
2655 2996 2858 3035 mona-

619 3069 866 3127 sterium
913 3068 975 3125 in
1023 3068 1248 3127 cunctis
1293 3069 1530 3146 populis
1592 3069 1991 3147 principatum
2050 3068 2310 3127 tenuisse
2370 3087 2552 3145 supra
2614 3070 2697 3145 (p.
2749 3066 2859 3143 56)

611 3160 739 3231 jam
789 3157 1040 3216 vidimus
1077 3193 1158 3201 —
1190 3177 1380 3233 neque
1426 3157 1538 3215 hoc
1582 3178 1765 3215 unum
1814 3158 2194 3235 conspicuum
2242 3163 2347 3215 est.
2409 3155 2603 3214 Immo
2650 3155 2863 3215 abbati

618 3246 858 3304 Hiiensi
919 3246 1098 3303 etiam
1147 3247 1454 3325 episcopos
1520 3247 1817 3321 subjectos
1863 3247 2042 3305 fuisse
2104 3266 2221 3303 non
2268 3246 2427 3305 solus
2472 3245 2639 3303 Beda
2688 3244 2862 3303 testis

619 3341 711 3395 est
757 3336 962 3412 (supra
1006 3355 1064 3411 p.
1115 3334 1241 3411 57),
1289 3337 1391 3394 sed
1440 3336 1638 3407 etiam,
1685 3335 1929 3410 quinam
1974 3335 2198 3393 fuerint
2258 3335 2344 3391 illi
2402 3334 2683 3411 episcopi,
2740 3353 2862 3391 non

619 3424 982 3499 ignoramus:
1032 3423 1426 3483 Lismorensis
1475 3423 1696 3499 (Skene
1743 3424 1830 3496 II,
1876 3445 1932 3497 p.
1986 3424 2155 3500 133),
2204 3422 2709 3500 Cingaradhensis
2754 3422 2861 3497 (ib.

623 3518 682 3569 et
727 3512 806 3568 H.
855 3510 972 3568 and
1019 3510 1106 3571 St.
1154 3513 1241 3584 II,
1296 3515 1347 3585 l,
1394 3534 1450 3589 p.
1505 3514 1655 3589 107)
1704 3512 2209 3571 Lindisfarnensis
2257 3534 2387 3571 cum
2432 3512 2531 3585 iis,
2594 3512 2699 3588 qui
2744 3511 2865 3589 ipsi

624 3605 796 3659 erant
826 3600 1093 3673 subjecti.
1158 3602 1320 3679 Ergo
1355 3602 1647 3677 dignitate
1693 3601 1873 3659 simili
1918 3601 2341 3680 archiepiscopi
2374 3602 2561 3659 abbas
2592 3600 2863 3659 Hiiensis

623 3694 939 3747 exornatus
987 3696 1117 3749 erat
1177 3690 1344 3767 isque
1405 3711 1558 3749 unus
1618 3690 1678 3747 in
1726 3690 1973 3767 antiqua
2020 3688 2333 3749 Scotorum
2382 3692 2657 3762 ecclesia,
2723 3710 2861 3747 nam

622 3778 684 3835 iu
729 3778 1028 3835 Hibernia
1073 3785 1218 3837 tunc
1263 3779 1550 3857 temporis
1600 3780 1907 3857 episcopos
1968 3779 2143 3837 alteri
2206 3780 2483 3857 episcopo
2532 3781 2625 3839 vel
2673 3778 2861 3837 archi-

622 3866 898 3945 episcopo
958 3866 1140 3925 fuisse
1202 3870 1526 3944 subjectos,
1602 3869 1829 3925 nullum
1900 3874 2097 3926 exstat
2160 3876 2329 3927 vetus
2399 3866 2861 3932 testimonium.1

622 3956 892 4028 Accedit,
924 3976 996 4013 ne
1031 3956 1221 4025 dicam
1254 3958 1326 4015 de
1357 3956 1597 4016 Aidano
1630 3978 1769 4033 rege
1800 3978 1835 4013 a
1869 3956 2159 4015 Columba
2200 3964 2541 4016 consecrato
2576 3954 2860 4031 (Adamn.

621 4046 728 4108 vit.
776 4044 902 4103 Col.
953 4046 1009 4118 3,
1059 4048 1162 4119 86,
1210 4069 1268 4125 Ρ.
1305 4048 1475 4122 228),
1524 4046 1682 4122 quod
1728 4046 1913 4103 abbas
1962 4046 2229 4105 Hiiensis
2285 4047 2440 4105 solus
2482 4048 2581 4121 jus
2630 4066 2859 4103 excom-

623 4134 962 4196 muninandi
1009 4137 1322 4195 exercebat
1367 4136 1471 4211 (ib.
1521 4137 1578 4208 2,
1630 4130 1731 4207 58,
1778 4155 1836 4212 Ρ.
1874 4135 2044 4212 218),
2094 4156 2222 4194 cum
2272 4135 2333 4193 in
2373 4134 2672 4193 Hibernia
2716 4135 2863 4201 haec

806 4326 826 4355 ¹
865 4324 955 4378 De
991 4324 1316 4393 principatu
1354 4325 1501 4377 sedis
1544 4325 1977 4382 Ardmachanae
2016 4325 2131 4379 vid.
2173 4343 2343 4393 supra
2381 4344 2435 4394 p.
2476 4326 2544 4380 56
2584 4329 2705 4380 not.
2748 4326 2798 4379 3.
