3167 4900
1177 234 1664 291 —111—

478 411 749 470 Primum
794 410 1000 488 igitur,
1044 432 1121 470 ne
1167 410 1465 484 miremur,
1510 410 1672 488 quod
1714 412 1920 488 regula
1965 412 2099 484 ista,
2145 411 2208 471 in
2253 432 2370 489 qua
2415 433 2548 491 per·

296 503 492 561 multa
538 500 709 559 nobis
755 499 1068 560 offensioni
1114 506 1253 559 sunt
1267 544 1280 567 ‚
1336 505 1567 559 tantam
1611 500 1676 557 in
1720 499 1923 559 Gallia
1968 500 2388 560 auctoritatem
2435 501 2550 560 sibi

296 589 687 668 comparavit,
736 608 887 666 opus
934 594 1025 648 est
1070 608 1187 663 non
1236 588 1524 665 oblivisci,
1550 590 1766 666 ‚qualis
1811 589 1996 649 fuerit
2024 596 2166 648 ante
2200 588 2556 649 Columbam-

296 678 799 759 monasteriorum
842 678 907 735 in
956 675 1155 736 Gallia
1200 682 1394 737 status
1449 676 1554 752 (cf.
1599 698 1780 755 supra
1825 680 2091 755 p..107).
2183 678 2366 738 Illum
2414 698 2548 737 con·

299 767 707 831 sideraatibus
753 766 923 844 nobis
968 765 1182 825 mirum
1228 786 1349 825 non
1392 766 1721 839 videbitur,
1779 767 1937 844 quod
1984 766 2274 826 Columba
2317 768 2553 826 fervore

302 877 411 917 suo
472 876 541 915 ac
598 856 827 933 pietate
886 874 993 913 sua
1050 856 1227 914 etiam
1277 853 1484 914 Gallos
1530 856 1608 913 ad
1649 855 2134 935 'amplectendam
2187 855 2375 916 vitam
2430 875 2551 914 mo·

294 944 611 1018 nachieam
657 949 783 1003 tam
828 944 1067 1003 crebros
1112 944 1411 1017 incitavit,
1473 950 1543 1003 ut
1600 951 1662 1004 et
1715 945 1842 1004 ruri
1889 952 1950 1005 et
1994 945 2058 1003 in
2103 944 2352 1004 urbibus
2399 963 2553 1004 nova

306 1034 667 1093 exsisterent
711 1032 1071 1091 monasteria
1117 1034 1215 1109 (cf.
1245 1033 1351 1093 vit.
1383 1032 1505 1092 Sal.
1541 1035 1598 1106 7,
1628 1034 1789 1093 Mab.
1818 1034 1907 1106 II,
1940 1040 2092 1093 ann!
2110 1032 2258 1107 655,
2288 1054 2345 1111 p.
2380 1032 2553 1108 425).

308 1122 442 1196 Quo
488 1124 713 1181 factum
760 1126 875 1197 est,¹
936 1128 1007 1179 ut
1064 1123 1273 1199 regula
1318 1121 1644 1181 Columbae
1703 1142 1822 1181 non
1884 1124 2073 1182 solum
2133 1122 2196 1180 in
2256 1121 2558 1181 nonnullis

311 1210 669 1283 Germaniae
728 1210 1103 1270 monasteriis
1163 1210 1487 1287 (Rettberg
1529 1211 1618 1285 ΙΙ,
1663 1232 1720 1289 p.
1772 1213 1924 1287 678)
1981 1217 2125 1270 tunc
2168 1211 2556 1282 inveniretur,

310 1299 416 1359 sed
460 1300 665 1377 potius
724 1298 944 1357 saeculi
1003 1298 1243 1378 septimi
1302 1301 1672 1379 temporibus
1731 1300 2062 1380 praecipue.
2108 1299 2410 1377 prioribus
2468 1298 2554 1359 ita

311 1389 569 1465 vigeret,
630 1394 700 1447 ut
745 1407 935 1465 paene
982 1388 1180 1447 omnia
1225 1390 1610 1463 monasteria,
1675 1410 1828 1467 quae
1874 1398 2016 1448 tunc
2061 1388 2126 1447 in
2173 1387 2375 1448 Gallia
2421 1406 2556 1447 con·

314 1476 441 1535 dita
469 1483 628 1548 sunt,
641 1532 645 1539 ,
660 1475 985 1537 Columbae
1014 1477 1281 1555 regulam
1315 1479 1723 1539 observarent.
1769 1479 2034 1555 Quorum
2067 1477 2558 1536 monasteriorum

314 1565 755 1649 multitudinem
778 1565 1281 1647 (Montalembert,
1304 1567 1391 1625 les
1411 1567 1638 1626 moines
1652 1566 1979 1627 d’occident
1994 1566 2082 1640 ΙΙ,
2106 1586 2163 1643 p.
2182 1565 2559 1641 565—637)

317 1673 657 1736 enumerare
704 1640 909 1715 nostra
954 1674 1076 1714 non
1122 1655 1331 1729 refert,
1394 1655 1535 1732 quia
1592 1656 1916 1715 auctoritas
1963 1654 2286 1715 Columbae
2347 1654 2558 1712 nihilo·

316 1743 509 1801 minus
539 1762 679 1826 mox
708 1742 939 1801 minuta
987 1750 1093 1804 est.
1154 1744 1309 1803 Nam
1355 1744 1519 1805 intra
1557 1747 1685 1820 jam
1731 1744 1988 1803 medium
2033 1744 2331 1803 saeculum
2380 1742 2559 1819 septi·

317 1852 476 1889 mum
522 1832 584 1889 in
629 1831 760 1908 ipsa
808 1818 1007 1911 Gallia
1054 1830 1149 1891 Sti
1192 1831 1505 1891 Benedicti
1552 1832 1924 1893 Cassinensis
1983 1833 2190 1910 regula
2237 1830 2560 1891 Columbae

318 1920 557 1996 regulae
603 1919 837 1979 exstitit
882 1902 1113 1979 aemula
1160 1941 1346 1997 eaque
1392 1922 1551 1981 haud
1597 1904 1777 1981 dubie
1823 1922 2010 1981 multo
2056 1922 2270 1998 potior.
2341 1919 2560 1992 Quam·

318 2007 407 2067 vis
454 2008 611 2068 enim
657 1998 972 2089 disciplina
1029 2030 1135 2089 sua
1189 2011 1453 2087 regulari
1500 2010 1791 2069 Columba
1837 2010 2328 2069 monasteriorum
2375 2007 2562 2067 Galli·

320 2117 521 2156 corum
582 2104 807 2163 statum
864 2103 925 2156 et
986 2117 1179 2157 mores
1239 2099 1452 2158 mirum
1515 2106 1804 2179 quantum
1865 2094 2292 2170 emendaverit,
2361 2103 2563 2157 tamen

318 2185 631 2245 Benedicti
674 2187 916 2261 regulae
961 2208 1073 2265 par
1119 2208 1242 2246 esse
1289 2208 1407 2247 non
1452 2190 1670 2266 potuit.
1760 2188 2147 2247 Manifestum
2201 2187 2312 2245 hoc
2364 2185 2435 2246 fit
2491 2205 2566 2243 ex

318 2274 585 2351 singulis,
632 2275 1003 2337 manifestius
1048 2296 1124 2334 ex
1167 2282 1297 2335 tota
1341 2278 1582 2355 regulae
1628 2279 1943 2355 utriusque
1975 2283 2206 2335 natura.
2268 2274 2363 2334 Ea
2408 2274 2563 2333 enim

321 2369 426 2435 est,
475 2362 634 2440 quod
680 2384 867 2439 aeque
912 2364 1126 2423 mirum
1172 2372 1262 2425 est
1308 2387 1377 2425 ac
1422 2373 1647 2439 notum,
1695 2368 1856 2425 vitae
1889 2365 2264 2425 monachicae
2294 2362 2561 2435 historia,

319 2461 389 2515 ut
432 2452 730 2524 monachi,
792 2473 1045 2529 quorum
1097 2455 1276 2533 primi
1330 2456 1714 2514 eremitarum
1759 2456 1946 2515 vitam
1993 2455 2260 2514 viventes
2306 2452 2561 2524 omnin0,

320 2549 610 2619 quantum
655 2541 783 2600 fieri
828 2549 1052 2620 potest,
1116 2564 1147 2601 e
1195 2544 1411 2603 mundo
1456 2544 1760 2621 fugerant,
1822 2544 2132 2622 paullatim
2179 2541 2441 2601 redirent
2487 2538 2565 2599 ad

319 2629 620 2691 mundana
683 2632 940 2706 negotia.
1031 2633 1272 2706 Quanto
1332 2632 1490 2690 inter
1549 2653 1611 2692 se
1671 2633 1954 2692 differunt
2007 2630 2098 2690 St.
2143 2628 2448 2690 Antonius
2503 2634 2566 2688 et

320 2719 550 2796 Ignatii
596 2718 860 2794 Loyolae
906 2720 1201 2800 discipuli,
1250 2727 1475 2798 quanto
1507 2721 1904 2782 Orientalium
1949 2720 2221 2780 monachi
2267 2723 2328 2777 et
2372 2718 2563 2778 Bene·

322 2807 556 2866 dictini!
615 2807 976 2868 Monasteria
1023 2809 1415 2869 Orientalium
1462 2811 1546 2869 nil
1594 2818 1765 2872 erant
1809 2810 1926 2870 nisi
1971 2816 2302 2868 ascetarum
2349 2814 2566 2879 coetus,

322 2896 684 2956 monasteria
730 2897 1150 2957 monachorum
1182 2897 1279 2957 Sti
1307 2899 1624 2959 Benedicti
1670 2900 1886 2960 sensim
1932 2899 2364 2977 paullatimque
2408 2899 2569 2955 facta

323 2990 464 3044 sunt
523 2985 843 3044 seminaria
902 2987 1098 3046 cultus
1159 2994 1338 3063 atque
1398 2988 1815 3061 humanitatis,
1888 2987 2032 3064 quin
2095 2987 2274 3046 etiam
2335 2985 2567 3044 scholae

322 3073 543 3132 laboris
575 3074 671 3150 (cf.
703 3073 1007 3146 Harnack,
1055 3075 1160 3134 das
1192 3077 1597 3148 Monchthum,
1626 3098 1686 3155 p.
1713 3079 1793 3135 21
1829 3097 1958 3153 sqq.
1945 3119 1977 3149 .,
2011 3077 2092 3134 31
2119 3095 2268 3152 sqq„
2303 3074 2383 3132 36
2411 3092 2568 3151 sqq-3

324 3161 626 3238 Uhlhorn,
697 3161 792 3220 die
854 3163 1193 3222 christliche
1247 3164 1795 3243 Liebesthatigkeit
1849 3165 1912 3223 in
1967 3166 2073 3225 der
2119 3165 2280 3223 alten
2325 3162 2568 3222 Kirche.

333 3249 521 3309 1882.
580 3271 637 3328 p.
688 3249 816 3308 344
862 3254 1033 3327 sqq..)
1126 3253 1326 3328 Quid?
1395 3261 1595 3314 utrum
1651 3255 1742 3314 his
1788 3275 1866 3313 an
1909 3253 2029 3312 illis
2075 3252 2386 3314 similiores
2431 3254 2570 3310 sunt

331 3317 651 3398 Columbae
729 3339 1042 3397 monachi?
1128 3325 1407 3401 Profecto
1483 3344 1889 3404 orientalibus
2013 3342 2189 3402 Licet
2273 3341 2428 3400 enim
2503 3343 2572 3397 ut

326 3427 607 3492 Hiienses
654 3428 751 3504 (cf
746 3449 753 3456 ·
784 3447 965 3506 supra
996 3449 1053 3506 p.
1090 3432 1200 3506 70)
1247 3430 1335 3489 ita
1381 3438 1443 3490 et
1490 3431 1813 3492 Columbae
1860 3430 2254 3490 Luxoviensis
2299 3426 2572 3488 monachi

329 3511 513 3577 variis
564 3515 835 3596 corporis
898 3524 959 3576 et
1019 3518 1247 3596 ingenii
1306 3520 1614 3581 laboribus
1676 3542 1916 3600 operam
1975 3518 2252 3580 dederint
2306 3520 2404 3596 (cf.
2449 3537 2572 3596 reg.

332 3585 600 3664 Columb.
649 3627 696 3664 c.
751 3606 847 3662 10.
894 3606 1055 3666 Bibl.
1102 3629 1241 3667 max
1283 3608 1437 3683 XII,
1484 3633 1541 3688 p.
1594 3606 1676 3688 5),
1725 3646 1810 3655 —
1855 3610 2306 3681 laboiaverunt,
2361 3629 2436 3666 ne
2482 3626 2573 3666 so·

333 3692 531 3759 cordia
576 3715 646 3753 ac
692 3693 918 3753 desidia
964 3687 1407 3770 marcescerent,
1455 3720 1573 3757 non
1620 3720 1763 3758 vero
1810 3719 1880 3759 eo
1927 3698 2188 3770 consili0,
2235 3704 2306 3756 ut
2350 3694 2576 3772 aliquid

331 3764 473 3840 boni
516 3783 897 3884 perficerent,
963 3817 1039 3828 —
1104 3807 1242 3847 nam
1300 3785 1384 3843 nil
1432 3789 1800 3862 quaerebant
1855 3789 1916 3846 in
1961 3789 2072 3846 hoc
2117 3787 2355 3845 mundo.
2447 3783 2576 3842 Alii

332 3879 505 3930 erant
559 3870 604 3928 ιι
651 3869 966 3930 Scotorum
1018 3874 1315 3946 monachi,
1378 3874 1483 3975 qui
1536 3877 1725 3935 vitam
1781 3882 2023 3953 agentes
2077 3877 2140 3934 in
2203 3872 2578 3934 monasteriis

331 3958 523 4046 medio
570 3960 632 4018 in
672 3961 897 4040 populo
930 3963 1271 4024 constitutis
1302 3963 1632 4024 animarum
1663 3984 1864 4022 curam
1895 3966 2183 4040 gerebant
2227 3962 2291 4020 in
2337 3962 2578 4039 regione

332 4064 439 4104 sua
486 4048 583 4120 (of.
622 4069 802 4128 supra
848 4071 905 4126 p.
942 4048 1070 4126 67),
1116 4052 1222 4110 sed
1267 4053 1341 4110 de
1386 4052 1506 4111 illis
1551 4073 1706 4110 nunc
1752 4072 1872 4109 non
1917 4053 2135 4130 agitur,
2183 4072 2320 4110 nam
2365 4052 2427 4125 ιι,
2476 4049 2580 4129 qui

331 4132 397 4191 in
442 4132 703 4193 Galliam
743 4145 805 4196 et
834 4137 1218 4198 Germaniam
1265 4147 1572 4214 venerunt,
1620 4141 1842 4200 diversi
1887 4147 2060 4200 erant
2107 4141 2182 4199 ab
2227 4139 2365 4214 illis,
2411 4159 2577 4218 pere·

332 4218 633 4297 grinaturi
694 4225 898 4286 eodem
960 4233 1227 4308 tempore
1288 4229 1361 4288 de
1415 4223 1614 4308 patria
1660 4230 2056 4290 discesserant
2101 4236 2163 4289 et
2208 4227 2282 4288 de
2329 4231 2579 4300 theatro,

336 4311 493 4386 quod
537 4319 755 4372 natura
800 4315 1125 4377 virtutibus
1180 4338 1381 4376 eorum
1437 4319 1644 4378 datum
1699 4325 1872 4391 erat,
1928 4318 2183 4379 solitarii
2237 4317 2425 4378 vitam
2480 4318 2579 4378 de·
