3167 4900
1202 214 1638 271 -51.„

301 394 532 465 baram,
601 413 752 470 quae
813 393 1111 452 Hibernia
1179 413 1296 452 non
1361 413 1486 453 esse
1555 414 1675 452 non
1745 398 1962 472 potest.
2051 393 2217 472 Ergo
2278 400 2339 452 et
2398 394 2543 454 haec

301 482 505 560 opinio
551 483 872 558 reJicienda
917 488 1022 541 est.

482 571 642 643 Quid
702 571 930 632 restat?
1003 571 1272 628 Tertium
1335 577 1450 642 est,
1511 577 1580 629 ut
1642 577 1917 648 putemus
1979 577 2039 629 et
2084 571 2421 631 Palladium
2482 579 2543 630 et

300 660 633 718 Patricium
678 661 740 718 in
771 661 1065 722 Hibernia
1095 659 1343 718 verbum
1381 659 1478 718 dei
1522 660 1909 736 praedicasse.
1984 658 2075 719 At
2118 662 2275 719 unde
2321 662 2543 720 factum

303 756 417 820 est,
480 755 550 807 ut
611 749 798 808 omnis
857 748 1116 807 Palladii
1179 749 1458 806 memoria
1509 749 1671 826 apud
1728 747 1937 807 Scotos
1993 750 2407 809 evanesceret?
2476 757 2545 809 ut

300 837 604 896 Patricius
634 837 890 896 Palladii
923 838 1283 896 mentionem
1328 858 1448 895 non
1494 837 1757 897 faceret?
1805 837 1923 898 Sed
1968 838 2079 896 hoc
2124 841 2377 898 alterum
2426 860 2544 898 non

301 947 600 1003 premam,
663 927 804 1003 quia
862 926 1160 984 Patricius
1217 927 1453 984 omnino
1507 926 1812 984 hominum
1867 927 2107 986 nomina
2151 948 2269 985 non
2313 928 2545 1006 profert

303 1015 448 1091 (vid.
482 1036 640 1092 supr.
673 1038 730 1093 p.
766 1016 900 1092 48).
993 1015 1300 1088 Quomodo
1347 1035 1488 1074 vero
1535 1016 1758 1073 factum
1806 1021 1918 1087 est,
1981 1022 2050 1075 ut
2094 1016 2425 1095 Prosperus
2472 1017 2545 1073 de

303 1104 571 1162 Patricio
619 1105 702 1161 nil
749 1104 1028 1164 audiret?
1075 1102 1142 1161 Si
1187 1104 1246 1160 in
1281 1103 1462 1162 Italia
1507 1104 1626 1162 fuit
1656 1103 1971 1176 Patriciae,
2018 1106 2285 1181 profecto
2332 1106 2547 1163 mirum

303 1200 411 1266 est,
461 1192 621 1269 quod
667 1193 998 1268 Prosperus
1045 1192 1116 1250 de
1165 1213 1234 1250 eo
1281 1195 1466 1253 verba
1513 1213 1633 1250 non
1678 1193 1835 1251 fecit.
1927 1191 2013 1250 Iis
2058 1201 2283 1266 autem,
2330 1195 2546 1269 quibus

300 1284 458 1340 forte
505 1283 568 1338 in
614 1282 912 1358 prioribus
967 1281 1223 1344 nondum
1280 1282 1701 1360 persuaserim,
1762 1280 2027 1340 Patricio
2085 1303 2217 1340 cum
2260 1283 2547 1341 Romanis

302 1372 566 1446 aliquam
629 1371 1109 1429 consuetudinem
1167 1371 1372 1443 fuisse,
1419 1371 1691 1429 ultimam
1752 1390 1821 1427 ac
1885 1390 2218 1448 supremam
2279 1391 2546 1449 propono

306 1459 738 1536 quaestionem,
787 1459 1078 1534 quomodo
1125 1461 1348 1518 factum
1395 1460 1500 1532 sit,
1547 1465 1617 1518 ut
1661 1459 1856 1532 Beda,
1918 1460 2011 1516 cui
2058 1461 2245 1518 multa
2290 1460 2363 1519 de
2410 1459 2547 1518 Sco-

303 1555 502 1606 torum
551 1549 796 1606 ecclesia
841 1553 983 1606 nota
1030 1553 1227 1620 erant,
1289 1549 1392 1624 qui
1447 1549 1564 1606 alia
1619 1548 1845 1607 leviora
1907 1548 2178 1607 audierat
2223 1551 2299 1608 ab
2346 1549 2549 1607 amicis

303 1637 584 1714 Egberti,
653 1637 755 1713 qui
816 1635 1030 1696 diutius
1083 1636 1146 1696 in
1191 1633 1484 1696 Hibernia
1538 1655 1653 1718 pro
1702 1633 1934 1696 Cleri-am
1988 1635 2324 1696 exalaverat
2369 1638 2451 1712 (h.
2500 1659 2547 1695 e.

309 1728 366 1800 3,
411 1727 469 1783 4.
515 1727 552 1802 ξ
600 1727 754 1798 161;
804 1726 859 1798 5,
907 1728 961 1782 9.
1007 1727 1044 1803 ὅ
1087 1727 1212 1784 376
1256 1728 1412 1802 sqq.)
1467 1728 1540 1784 de
1598 1725 1861 1784 Patricio
1923 1725 2007 1783 nil
2068 1726 2303 1785 dixerit.
2392 1727 2549 1786 Num

305 1815 590 1873 credibile
649 1821 737 1874 est
798 1814 1042 1887 Bedam,
1103 1815 1552 1891 investigandae
1610 1813 1989 1891 antiquitatis
2036 1814 2549 1886 studiosissimum,

305 1924 610 1980 nunquam
683 1905 759 1962 ab
819 1905 916 1975 iis,
990 1905 1092 1979 qui
1159 1904 1442 1981 permulti
1510 1909 1653 1962 tunc
1720 1925 1791 1961 ex
1852 1903 2080 1978 Anglia
2140 1902 2225 1962 ad
2282 1900 2554 1983 leymdas

309 1990 637 2070 scripturas
682 2012 882 2051 sacras
929 1993 987 2049 in
1038 1993 1394 2051 Hiberniam
1441 1992 1968 2068 transmigrabant,
2016 1992 2313 2051 audivisse
2346 1991 2554 2050 Scotos

309 2083 578 2145 venerari
633 2081 959 2144 Patricium
1016 2081 1272 2158 primum
1328 2081 1660 2139 Hiberniae
1714 2081 2097 2159 episcopum?
2165 2081 2331 2158 Ergo
2386 2082 2555 2139 Beda

308 2177 411 2228 aut
474 2171 546 2227 de
607 2170 900 2243 Patricio,
962 2176 1173 2248 utpote
1236 2191 1350 2228 non
1413 2191 1448 2228 a
1506 2170 1797 2229 Romanis
1855 2170 2060 2242 misso,
2122 2172 2304 2229 verba
2362 2173 2555 2229 facere

311 2259 507 2317 noluit
553 2259 830 2334 (Schoell‚
878 2259 1121 2336 Herzog
1149 2258 1224 2317 R.
1269 2259 1340 2321 E.
1380 2261 1477 2332 11,
1523 2282 1581 2338 p.
1618 2261 1791 2336 209),
1846 2293 1921 2302 —-
1973 2259 2134 2334 quod
2178 2265 2391 2336 putare
2437 2275 2556 2317 non

310 2349 450 2407 licet
484 2355 545 2407 et
583 2350 723 2425 quia
759 2348 924 2406 Beda
956 2368 1073 2406 non
1117 2349 1169 2406 is
1216 2354 1321 2420 est,
1371 2349 1464 2406 cui
1512 2348 1623 2406 hoc
1670 2348 1993 2427 opprobrio
2038 2347 2259 2420 demus,
2308 2355 2369 2406 et
2417 2349 2556 2425 quia

313 2437 637 2497 absurdum
685 2443 774 2496 est
820 2459 926 2515 per
971 2458 1050 2510 se,
1098 2437 1240 2513 quia
1279 2437 1574 2499 Patricius
1619 2437 1759 2496 licet
1804 2437 2029 2495 nullam
2074 2436 2379 2496 habuisset
2422 2458 2557 2495 cum

311 2527 601 2586 Romanis
648 2527 1154 2598 consuetudinem,
1217 2533 1415 2586 tamen
1471 2548 1506 2583 a
1560 2526 1848 2587 Romanis
1904 2531 2065 2586 certo
2122 2527 2283 2583 nulla
2329 2547 2393 2584 re
2441 2527 2555 2585 dis·

314 2616 614 2675 sentiebat
679 2650 748 2659 -——
769 2661 782 2688 ,
853 2623 958 2675 aut
1019 2615 1173 2675 sicut
1233 2616 1502 2675 nonnulli
1565 2615 1828 2692 ejusdem
1888 2614 2174 2690 temporis
2234 2614 2401 2673 Scoti
2461 2616 2556 2691 (cf.

315 2725 494 2783 supra
540 2727 598 2782 p.
647 2705 759 2782 43)
805 2705 1135 2764 Patricium
1183 2704 1434 2765 eundem
1489 2725 1615 2763 esse
1670 2710 1851 2781 atque
1897 2703 2233 2762 Palladium
2280 2704 2559 2781 opinatus

317 2799 424 2853 est.
516 2794 652 2853 Hac
697 2793 950 2871 denique

497 2888 712 2959 quarta
788 2883 1018 2941 ratione
1093 2882 1243 2942 solvi
1317 2903 1486 2959 posse
1573 2889 1839 2941 nostram
1918 2882 2324 2959 quaestionem
2398 2881 2559 2957 equi-

316 2972 448 3029 dem
521 2992 863 3048 persuasum
945 2972 1089 3036 mihi
1167 2971 1374 3029 habeo.
1496 2971 1673 3044 Quod
1743 2970 1844 3048 qui
1922 2971 2149 3048 primus
2229 2969 2561 3046 suspicatus

317 3068 424 3132 est,
473 3058 798 3119 Schoellius
846 3061 1008 3136 (diss.
1054 3081 1110 3136 p.
1162 3061 1287 3135 77),
1336 3066 1545 3136 postea
1592 3061 1874 3135 (Herzog,
1920 3058 1995 3117 R.
2040 3058 2111 3116 E.
2167 3060 2265 3130 11,
2312 3079 2371 3134 p.
2406 3059 2561 3135 209)

315 3150 469 3210 hanc
531 3150 867 3226 opinionem
947 3147 1240 3226 deposuit.
1347 3148 1521 3207 Unde
1600 3147 1780 3207 nolim
1863 3147 2105 3223 colligas
2184 3148 2561 3205 immaturam

319 3258 445 3298 esse
503 3258 648 3297 eam.
739 3238 836 3295 Ex
896 3238 1190 3297 contrario
1263 3237 1466 3295 multis
1537 3236 1903 3313 argumentis
1964 3235 2301 3295 confirmari
2346 3241 2562 3313 potest.

315 3328 473 3387 Nam
535 3327 728 3403 primo
795 3328 951 3404 quod
1009 3333 1069 3385 et
1123 3325 1457 3385 Palladium
1520 3332 1582 3385 et
1636 3326 1967 3384 Patricium
2026 3324 2269 3383 ineunte
2330 3325 2562 3383 saeculo

320 3416 531 3492 quinto
578 3416 638 3473 in
682 3416 1038 3475 Hiberniam
1085 3415 1315 3475 venisse
1363 3415 1643 3476 credibile
1691 3435 1809 3473 non
1858 3420 1948 3473 est
1987 3416 2085 3490 (cf.
2116 3434 2299 3491 supra
2351 3415 2564 3490 1—3),

319 3506 507 3563 altero
573 3505 733 3581 quod
793 3504 962 3571 Beda
1019 3505 1092 3565 de
1154 3504 1416 3563 Patricio
1477 3506 1661 3563 verba
1722 3524 1841 3562 non
1911 3503 2079 3576 fecit,
2162 3503 2344 3562 tertio
2408 3502 2566 3580 quod

319 3595 482 3651 nulla
561 3599 758 3656 exstat
833 3594 992 3671 apud
1069 3592 1278 3653 Scotos
1358 3594 1582 3654 mentio
1661 3593 1919 3651 Palladii
2008 3592 2124 3653 nisi
2202 3592 2360 3668 apud
2450 3612 2565 3664 eos,

319 3683 426 3758 qui
473 3681 758 3759 Prosperi
817 3682 1220 3741 narrationem
1282 3689 1708 3759 cognoverant,
1781 3688 1995 3759 quarto
2060 3681 2218 3757 quod
2280 3680 2418 3739 talis
2478 3686 2569 3739 est

320 3772 590 3829 Patricio
641 3792 771 3829 cum
819 3772 1091 3830 Palladio
1139 3771 1392 3829 nominis
1439 3772 1731 3842 vicinitas,
1782 3791 1934 3847 quae
1981 3771 2155 3829 facile
2200 3770 2263 3826 in
2311 3789 2568 3828 errorem

319 3860 618 3919 adducere
666 3860 933 3937 potuerit
977 3860 1357 3937 Prosperum‚
1409 3862 1617 3937 quinto
1666 3860 1825 3936 quod
1873 3860 2079 3918 eodem
2126 3879 2279 3916 anno
2328 3858 2455 3914 432
2505 3857 2569 3914 in

319 3950 680 4007 Hiberniam
736 3950 965 4009 venisse
1021 3948 1282 4009 traditur
1338 3949 1645 4007 Palladius
1702 3970 1737 4005 a
1791 3947 2115 4023 ProsperO,
2178 3945 2478 4005 Patricius
2534 3966 2568 4003 a

323 4038 658 4096 Tirechano
685 4036 710 4072 1
765 4073 837 4082 -
855 4084 868 4111 ,
917 4047 1083 4098 sexto
1132 4038 1386 4113 denique
1435 4038 1594 4114 quod
1641 4035 1945 4095 Palladius
1991 4036 2091 4093 ille
2138 4033 2421 4111 Prosperi
2466 4055 2567 4093 na-

507 4179 529 4211 ¹
567 4176 913 4231 Tirechanus
970 4175 1214 4229 secundo
1276 4176 1428 4245 regis
1478 4173 1735 4242 Logairii
1792 4190 1939 4227 anno
1989 4171 2299 4229 Patricium
2347 4172 2569 4227 venisse

322 4248 608 4317 prodidit,
649 4264 842 4315 regem
880 4253 1068 4301 autem
1105 4246 1263 4300 illum
1303 4246 1370 4301 33
1409 4263 1584 4303 annos
1624 4261 1887 4317 regnasse
1925 4246 2167 4299 testatur
2206 4242 2471 4311 (Betham
2507 4242 2572 4298 ΙΙ

324 4338 455 4389 app.
496 4338 551 4389 p.
593 4318 787 4389 XIX).
865 4318 1037 4388 Erg0‚
1079 4318 1125 4371 si
1164 4317 1462 4387 Logairius
1500 4334 1647 4371 anno
1684 4316 1788 4373 463
1827 4320 2078 4373 mortuus
2118 4320 2205 4371 est
2242 4314 2459 4384 (Skene
2486 4314 2569 4381 II,

2066 4404 2141 4459 4*
