3167 4900
1191 255 1627 313 —57—

291 432 649 492 Sanctorum
696 432 1026 492 Hiberniae
1073 433 1178 510 (H.
1211 434 1328 493 and
1360 433 1446 494 St.
1478 433 1564 508 II,
1603 436 1658 509 2,
1705 457 1765 514 p.
1799 437 1947 510 292,
1996 438 2065 495 cf.
2110 456 2291 516 supra
2329 460 2387 517 p.
2424 437 2533 515 52)

292 522 670 600 conseripsit,
733 520 853 580 no'n
908 523 1080 600 fugit.
1172 524 1326 583 Nam
1374 544 1506 582 eum
1553 525 1627 582 de
1671 525 1863 602 primo
1910 525 2263 586 Sanctorum
2310 526 2532 601 ordine,

288 610 392 692 qui
447 619 572 669 erat
627 610 691 670 in
749 619 1006 692 tempore
1049 608 1330 682 Patrios,
1390 613 1611 672 dixerit
1654 633 1839 673 unum
1897 623 2074 694 caput
2131 610 2430 675 Christum
2482 624 2535 675 et

288 720 472 760 unwm
537 699 744 760 ducem
803 697 1134 760 Patricium
1191 697 1503 771 habebant,
1573 703 1646 760 de
1708 703 1990 776 secunde,
2060 704 2164 779 qui
2211 704 2533 764 Columbae

292 790 664 869 temporibus
711 795 854 863 erat,
899 791 984 848 nil
1039 790 1155 849 nisi
1201 810 1408 860 unum,
1468 791 1692 867 inquit,
1754 801 1929 873 caput
1972 789 2283 864 habebant,
2347 792 2530 854 domi-

285 899 434 937 num
475 886 756 938 nostram.

469 968 634 1043 Ergo
685 988 803 1026 non
848 967 996 1026 illud
1051 967 1350 1044 singulare
1410 975 1566 1041 erat,
1615 969 1774 1046 quod
1820 969 2238 1029 monesterium
2284 971 2531 1031 Hiiense

287 1057 698 1137 principatum
748 1058 1042 1134 quendam
1087 1059 1332 1117 tenebat
1376 1057 1438 1116 in
1469 1058 1603 1116 aliis
1637 1059 2025 1136 monasteriis,
2072 1060 2177 1118 sed
2206 1060 2333 1134 hoc,
2375 1061 2533 1137 quod

289 1167 409 1205 non
459 1147 648 1206 solum
679 1147 964 1205 nonnulla
1009 1146 1070 1204 in
1101 1146 1397 1205 Hibernia
1427 1148 1801 1220 monasteria,
1842 1147 1947 1206 sed
1979 1155 2190 1207 cuneta
2218 1148 2533 1209 Pictorum

288 1244 456 1296 terra
501 1235 769 1294 Hiiensis
815 1234 1160 1294 monasterii
1205 1236 1411 1294 abbati
1457 1243 1587 1294 erat
1633 1237 1916 1312 subjecta.
1966 1271 2041 1280 —
2078 1238 2286 1313 Neque
2330 1244 2531 1298 tamen

289 1328 402 1384 hoc
448 1324 785 1384 mirandum
833 1331 948 1396 est,
1011 1345 1148 1384 nam
1195 1325 1272 1382 ab
1317 1345 1436 1383 uno
1480 1325 1584 1383 illo
1648 1325 2004 1384 monasterio
2050 1332 2181 1386 tota
2224 1326 2533 1386 Pictorum

291 1435 438 1492 gens
485 1412 701 1474 sensim
748 1413 1180 1491 paullatimque
1210 1414 1274 1472 in
1305 1415 1648 1474 societatem
1690 1414 2045 1474 christianae
2091 1415 2232 1474 fidei
2277 1435 2530 1476 assume-

289 1506 503 1576 batur,
568 1523 699 1561 eum
760 1503 822 1560 in
883 1502 1178 1561 Hibernia
1237 1509 1445 1581 utpote
1499 1507 1625 1580 jam
1682 1503 2003 1563 christiana
2057 1505 2355 1582 permulta
2412 1525 2531 1563 mo·

289 1593 555 1652 nasteria
599 1612 720 1650 una
765 1591 1087 1668 eademque
1133 1598 1330 1651 aetate
1377 1593 1894 1652 constituerentur.

471 1682 642 1740 Haec
691 1681 760 1739 de
807 1687 1054 1740 externa
1099 1681 1375 1740 ecclesiae
1422 1680 1735 1740 Scotorum
1782 1684 1989 1741 forma.
2069 1682 2241 1742 Nunc
2286 1682 2531 1760 propius

283 1775 409 1848 jam
468 1769 811 1829 accedamus
871 1769 948 1828 ad
1005 1769 1438 1847 inspiciendum
1499 1770 1777 1830 ecclesiae
1836 1775 2076 1832 statum.
2168 1771 2533 1830 Monasteria

289 1860 576 1919 nonnulla
609 1859 1004 1937 episcopalem
1036 1859 1334 1935 quandam
1366 1879 1566 1918 curam
1598 1859 1661 1918 in
1694 1859 1939 1918 ecclesia
1968 1859 2218 1936 gessisse
2249 1859 2530 1932 vidimus;

290 1949 537 2021 accedit,
587 1949 746 2024 quod
790 1947 958 2007 Beda
1004 1953 1208 2007 narrat
1253 1949 1326 2006 de
1374 1948 1734 2008 monasterio
1773 1948 2040 2008 Hiiensi:
2086 1945 2294 2007 habere
2338 1957 2533 2008 autem

288 2035 428 2097 solet
485 2057 620 2118 apsa
677 2034 869 2096 imula
919 2045 1200 2096 rectorem
1259 2056 1486 2138 semper
1545 2035 1812 2097 abbatem
1878 2035 2304 2116 presbyterum,
2367 2033 2531 2118 eujus

277 2123 416 2207 juri
461 2134 512 2186 et
557 2124 743 2185 omnis
775 2123 1092 2205 provincia
1152 2134 1204 2184 et
1264 2125 1382 2204 ipsi
1437 2125 1611 2186 etiam
1672 2125 1930 2205 episcopi
1998 2125 2201 2186 ordine
2258 2124 2531 2186 inusitato

290 2214 532 2275 debeant
579 2233 696 2274 esse
739 2211 1002 2295 subjecti,
1052 2209 1234 2293 juata
1287 2212 1616 2295 exemplum
1663 2213 1861 2294 jm'mi
1916 2214 2195 2287 docitem,
2256 2214 2360 2296 qui
2416 2235 2533 2275 non

291 2303 612 2384 episcopus,
676 2303 780 2363 sed
823 2301 1133 2383 presbyter
1177 2303 1387 2364 exstit&
1453 2312 1504 2364 et
1548 2300 1866 2364 monachus
1913 2305 1995 2382 (h.
2030 2325 2076 2363 e.
2113 2306 2176 2378 3,
2212 2305 2319 2381 4ἓ
2359 2305 2529 2382 160).

293 2393 492 2469 Quid?
562 2392 782 2453 Utrum
829 2393 1128 2470 singulare
1176 2399 1306 2453 erat
1353 2393 1510 2471 quod
1558 2393 1631 2454 de
1679 2393 2036 2454 monasterio
2082 2394 2323 2453 Hiiensi
2365 2394 2535 2453 Beda

293 2489 532 2543 enarrat
595 2481 794 2542 verbis
853 2482 1027 2541 modo
1090 2486 1587 2557 commemoratis,
1659 2504 1736 2542 an
1804 2483 1959 2542 idem
2025 2484 2205 2542 etiam
2264 2483 2411 2542 alibi
2470 2484 2535 2541 in

293 2571 538 2631 ecclesia
571 2570 884 2631 Scotorum
930 2572 1384 2631 inveniebatur?
1447 2572 1608 2646 Quid
1639 2572 1877 2631 omnino
1918 2571 2304 2647 judicandum
2337 2576 2429 2629 est
2458 2570 2533 2629 de

293 2662 667 2721 auctoritate
683 2660 804 2735 illa,
850 2681 1026 2738 quam
1065 2660 1426 2721 monasteria
1466 2662 1528 2720 in
1571 2661 1814 2720 ecclesia
1846 2660 2157 2719 Scotorum
2189 2659 2531 2719 habebant?

469 2749 863 2809 Perdifficiles
910 2757 1051 2809 sunt
1094 2750 1205 2807 hae
1253 2750 1650 2825 queestiones‚
1700 2770 1919 2826 eaeque
1964 2751 2143 2823 tales,
2198 2750 2271 2809 de
2318 2748 2532 2825 quibus

294 2839 485 2898 adhuc
530 2838 707 2897 hodie
737 2839 855 2897 viri
900 2839 1060 2897 docti
1105 2839 1345 2897 minime
1391 2840 1783 2899 consentiant.
1847 2840 1979 2913 Qua
2012 2839 2085 2898 de
2117 2860 2293 2897 eausa
2338 2840 2532 2898 facere

291 2948 408 2987 non
470 2948 709 3007 possum
727 2972 740 2999 ‚
800 2934 870 2986 ut
927 2928 989 2985 in
1049 2928 1181 3007 ipsa
1235 2928 1641 3006 disputatione
1698 2928 1989 3008 expressis
2037 2929 2233 2987 verbis
2280 2928 2531 2987 aliorum

294 3018 618 3076 sententias
649 3017 1006 3093 impugnem.
1061 3017 1253 3075 Meam
1285 3017 1485 3094 potius
1509 3018 1669 3076 viam
1700 3016 2050 3095 simpliciter
2080 3036 2418 3093 persequar,
2444 3050 2531 3059 -—

290 3106 582 3182 siquidem
627 3126 758 3163 mea
805 3112 920 3179 est,
983 3126 1162 3181 quam
1207 3125 1327 3163 non
1386 3106 1763 3177 invenissem,
1825 3103 1937 3163 nisi
2001 3104 2148 3163 alios
2194 3104 2531 3163 habuissem

291 3196 468 3254 duces
513 3194 763 3253 itineris.

469 3283 796 3342 Exordium
844 3304 916 3343 ex
961 3284 1082 3341 alto
1128 3288 1400 3360 petamus
1445 3303 1681 3342 necesse
1728 3288 1832 3341 est.
1912 3281 2328 3356 Quaerendum
2374 3281 2529 3339 enim

292 3378 398 3447 est,
431 3392 571 3430 num
605 3372 844 3431 omnino
878 3371 1097 3449 gradus
1131 3373 1512 3431 ecclesiastici
1545 3393 1661 3430 non
1694 3372 2070 3450 reperiantur
2110 3370 2270 3449 apud
2302 3368 2528 3443 Scotos,

291 3482 433 3519 num
481 3481 682 3520 omnes
728 3460 927 3519 clerici
958 3462 1220 3539 exeeptis
1251 3461 1568 3521 abbatibus
1602 3482 1672 3519 ea
1710 3467 1901 3540 parte,
1950 3466 2242 3537 quatenus
2283 3460 2531 3520 abbates

292 3557 478 3622 erant,
527 3569 699 3627 pares
739 3549 964 3609 fuerint
1010 3549 1307 3627 dignitate
1353 3550 1506 3609 sicut
1551 3571 1678 3609 mos
1726 3556 1815 3609 est
1859 3549 2318 3609 monachorum?

467 3640 884 3712 Diaconorum,
933 3639 1005 3697 de
1053 3640 1268 3716 quibus
1299 3640 1556 3719 primum
1588 3639 1899 3699 dicendum
1942 3646 2049 3713 est,
2094 3639 2364 3716 gradum,
2412 3658 2531 3698 non

291 3728 424 3786 dico
485 3748 698 3787 nomen
762 3727 1042 3803 (Ebrard.
1087 3750 1145 3805 p.
1199 3729 1324 3787 180
1372 3731 1544 3805 sqq.),
1610 3728 1770 3806 apud
1826 3727 2034 3789 Scotos
2094 3748 2212 3788 non
2276 3728 2529 3787 defuisse

295 3816 687 3875 Adamnanus
735 3824 828 3875 est
871 3817 1069 3889 testis;
1115 3817 1286 3893 isque
1318 3824 1514 3876 certus
1559 3838 1629 3876 ac
1676 3818 1897 3877 bonus:
1944 3838 2098 3890 nam,
2148 3817 2257 3876 etsi
2303 3817 2531 3896 primus

291 3906 576 3965 abbatum
601 3904 954 3979 Hiiensium,
989 3911 1056 3963 ut
1087 3913 1296 3983 postea
1326 3906 1677 3980 videbimus,
1712 3927 1844 3965 eum
1869 3906 2155 3966 Romanis
2187 3906 2530 3965 societatem

292 4080 420 4133 culo
461 4080 702 4147 septimo
751 4079 1074 4148 episcopum
1122 4079 1584 4133 Ardmaehanum
1624 4078 2004 4147 principatum
2056 4077 2335 4146 quendam
2384 4074 2528 4130 obti-

287 4151 494 4216 nuisse,
538 4151 688 4218 quod
725 4150 876 4203 idem
917 4150 1048 4204 inde
1075 4154 1333 4218 apparet,
1374 4151 1529 4220 quod
1554 4168 1699 4203 anno
1728 4150 1829 4205 697
1859 4149 2152 4217 episcopus
2178 4147 2527 4202 Ardmacha-
2572 4186 2577 4193 -

289 4240 395 4274 nus
438 4222 653 4288 synodo
695 4220 928 4274 Tarensi
966 4220 1214 4288 praefuit
1252 4220 1466 4289 (Skene
1491 4221 1570 4285 ΙΙ,
1602 4239 1656 4289 Ρ.
1695 4222 1836 4290 173).
1888 4218 2000 4274 Sed
2028 4220 2248 4272 saeculo
2290 4219 2528 4288 septimo

291 4296 533 4345 exeunte
573 4293 943 4345 vetustiorem
981 4308 1101 4345 esse
1127 4292 1407 4361 insignem
1434 4292 1598 4345 illum
1624 4292 1771 4345 sedis
1796 4291 2231 4347 Ardmachanae
2259 4290 2527 4343 honorem

289 4363 648 4433 comprobari
685 4380 798 4417 non
835 4367 1039 4431 potest.
