3167 4900
1512 227 1949 288 -26-

610 431 666 487 p.
701 409 877 486 474).
939 407 1056 468 Sed
1104 407 1286 466 etiam
1329 406 1653 466 levioribus
1698 406 2099 467 fundamentis
2145 406 2277 484 ipsa
2308 405 2590 466 Haddani
2636 405 2853 467 nititur

612 498 830 576 opinio.
891 497 1174 646 Legimus
1221 497 1378 555 enim
1421 497 1486 555 in
1529 496 1654 555 vita
1699 495 2085 572 Kentigerni.
2132 515 2239 556 rex
2284 503 2335 554 et
2378 491 2564 556 clerus
2606 494 2853 577 reqebnis

617 583 1032 648 Cambremis.
1161 585 1386 644 ‚accito
1425 584 1498 646 de
1527 581 1821 644 Hibernia
1866 604 1982 644 uno
2030 583 2297 666 episcopo
2341 603 2503 644 more
2533 580 2855 644 Britonum

613 685 663 758 et
710 673 1020 736 Scotorum
1063 675 1127 735 in
1170 673 1504 755 episcopum
1547 673 1745 754 ipsimi.
1789 675 2277 752 (Kentigernum)
2326 672 2654 734 consecrari
2693 671 2852 755 fece-

611 774 765 826 runt.
823 829 830 834 ,
859 761 994 825 Mos
1049 764 1204 824 enim
1255 763 1318 822 in
1363 761 1689 822 Britannia
1734 760 2044 823 inoleverat
2096 762 2159 822 in
2203 761 2622 824 consecratione
2652 761 2851 843 ponti-

593 855 786 939 ficum
830 853 1232 914 tantummodo
1279 852 1474 936 capita
1517 872 1719 912 eorum
1762 851 1919 912 sacm'
1960 849 2284 912 072me
2312 849 2598 934 infusimw
2630 871 2852 932 perun-

609 963 742 1024 9ere
775 988 788 1002 .
821 987 834 1002 .
867 987 880 1000 .
913 944 1018 1019 (H.
1055 943 1170 1001 and
1203 941 1291 1002 St.
1322 941 1374 1014 I,
1420 962 1478 1019 p.
1515 941 1685 1018 155).
1780 941 1897 1014 Qui
1943 942 2103 1000 locus
2152 942 2295 1019 quid
2341 941 2456 1000 sibi
2501 942 2683 1000 vellet
2728 943 2855 1000 sine

613 1033 793 1092 dubio
855 1038 1014 1090 recte
1073 1031 1500 1108 interpretatus
1563 1035 1654 1090 est
1713 1031 1841 1108 ipse
1901 1031 2233 1090 Haddanus
2302 1031 2565 1090 scribens
2631 1049 2855 1090 morem

613 1123 781 1180 illum
829 1120 1016 1180 videri
1071 1119 1529 1196 intellegendum
1586 1139 1711 1178 esse
1768 1120 2176 1178 tantummodo
2232 1120 2616 1198 peculiarem,
2688 1123 2855 1196 cujus

615 1211 742 1271 vita
791 1210 1150 1268 mentionem
1203 1209 1376 1281 facit,
1434 1207 1738 1285 unguendi
1790 1208 2098 1268 rationem.
2190 1209 2357 1283 Quae
2404 1229 2537 1267 cum
2582 1209 2671 1268 ita
2716 1209 2853 1282 sint,

619 1299 764 1378 quin
797 1299 976 1358 etiam
1009 1319 1138 1356 cum
1172 1298 1321 1356 falsa
1353 1298 1488 1371 sint,
1537 1315 1689 1374 quae
1721 1297 1845 1358 vita
1884 1298 2115 1374 profert
2157 1298 2233 1356 de
2276 1297 2579 1374 unguendi
2624 1298 2853 1356 ratione

615 1388 777 1467 apud
807 1388 1086 1447 Britones
1116 1387 1342 1445 usitata
1389 1386 1528 1463 (vid.
1563 1405 1744 1463 supra
1777 1408 1834 1464 p.
1871 1385 1979 1462 25)
2026 1386 2271 1445 dubium
2319 1407 2443 1446 esse
2488 1406 2606 1446 non
2639 1392 2854 1466 potest,

615 1479 757 1554 quin
805 1477 964 1536 vitae
1009 1477 1185 1551 huJ'us
1232 1475 1462 1535 auctori
1507 1495 1823 1550 anonym0‚
1886 1495 2061 1552 quem
2116 1482 2365 1534 exeunte
2422 1477 2653 1535 saeculo
2712 1476 2854 1535 duo-

615 1565 842 1625 decimo
889 1565 1147 1643 priorem
1203 1584 1321 1624 non
1379 1585 1503 1624 esse
1547 1568 1809 1636 constat,
1868 1563 2105 1623 omnino
2159 1565 2307 1624 fides
2360 1565 2707 1641 deneganda
2760 1565 2854 1624 sit.

619 1655 843 1714 Tamen
887 1654 1244 1726 Haddanus‚
1309 1654 1448 1731 quia
1505 1653 1578 1711 de
1636 1653 1925 1730 episcopis
1978 1673 2087 1731 per
2131 1673 2313 1712 unum
2360 1654 2609 1712 alterum
2656 1675 2851 1715 conse·

617 1744 798 1804 cratis
856 1743 919 1802 in
981 1743 1112 1802 aliis
1174 1762 1408 1821 quoque
1471 1743 1613 1802 vitis
1672 1741 2025 1802 Sanctorum
2082 1741 2425 1817 Britonum,
2496 1749 2692 1802 aetate
2752 1743 2857 1802 illa

616 1832 979 1910 Kentigerni
1022 1853 1144 1890 non
1189 1832 1633 1903 vetustioribus,
1678 1831 1747 1890 fit
1795 1831 2017 1890 mentio
2064 1835 2125 1889 et
2172 1831 2312 1908 quia
2356 1836 2589 1891 constat
2634 1853 2857 1892 morem

616 1924 783 1981 illum
839 1922 1074 1983 saeculo
1131 1920 1438 1980 undecimo
1493 1921 1557 1978 in
1612 1920 1909 1979 Hibernia
1964 1919 2025 1977 in
2080 1939 2191 1978 usu
2254 1920 2461 1994 fuisse,
2530 1941 2637 1998 pro
2696 1926 2856 1979 certo

547 2005 550 2009 ¹
616 2011 854 2071 videtur
900 2031 1024 2068 rem
1071 2010 1308 2068 habere.
1386 2008 1587 2087 Atqui
1634 2031 1703 2068 ea
1748 2009 1879 2087 ipsa
1924 2029 2005 2080 re,
2054 2009 2213 2085 quod
2257 2010 2613 2088 scriptorum
2660 2015 2859 2069 aetate

617 2099 893 2171 Hiberni‚
943 2098 1293 2176 quibuscum
1324 2099 1450 2157 vita
1483 2098 1845 2175 Kentigerni
1874 2097 2155 2156 Britones
2202 2099 2537 2175 congruisse
2584 2097 2859 2172 affimat,

615 2189 723 2247 illo
770 2208 931 2246 more
976 2188 1318 2260 utebantur,
1365 2186 1510 2246 fides
1557 2189 1882 2263 abrogatur
1926 2187 2331 2264 scriptoribus.
2391 2187 2579 2265 Apud
2625 2193 2860 2248 veteres

618 2277 933 2354 scriptores
981 2276 1146 2334 nulla
1193 2282 1391 2335 exstat
1433 2277 1611 2352 hujus
1657 2275 1839 2334 moris
1882 2276 2123 2334 menti0.
2200 2275 2297 2334 Ex
2342 2276 2665 2346 contrarie,
2713 2276 2862 2336 Vini

618 2366 954 2442 episcopum
1001 2385 1155 2423 anno
1207 2364 1334 2423 665
1385 2365 1686 2424 Oeaddam
1734 2385 2100 2424 consecrasse
2145 2366 2331 2424 refert
2376 2365 2542 2424 Beda
2590 2367 2750 2442 (h..e.
2802 2367 2861 2437 3,

620 2457 702 2514 28
754 2456 788 2533 ἓ
839 2456 966 2513 243
1013 2455 1089 2513 de
1133 2454 1265 2532 ipsa
1313 2476 1376 2514 re
1425 2455 1542 2514 vid.
1590 2455 1771 2531 infra)
1831 2454 2187 2534 „assumptis
2232 2451 2292 2513 in
2338 2452 2658 2515 societatem
2702 2454 2859 2515 ordi-

615 2542 866 2605 nationis
924 2542 1147 2605 duobus
1211 2543 1284 2605 de
1328 2540 1679 2607 Britonum·
1704 2552 1867 2625 yeme
1924 2542 2264 2623 episcopi-W.
2356 2543 2515 2603 Num
2562 2544 2863 2603 venissent

618 2634 707 2693 illi
764 2634 1083 2692 Britonum
1144 2634 1428 2711 episcopi,
1500 2635 1552 2693 si
1610 2634 1728 2712 ipsi
1786 2639 2098 2712 putassent
2150 2653 2269 2692 non
2330 2638 2601 2711 oportere
2656 2633 2863 2693 adesse

619 2722 1046 2783 consecrationi
1099 2722 1244 2783 alios
1307 2722 1617 2801 episcopos
1678 2729 1917 2801 praeter
1976 2722 2171 2799 ipsum
2226 2721 2709 2781 consecrantem?
2778 2722 2865 2782 Et

625 2813 929 2889 complura
961 2816 1201 2871 exstant
1246 2811 1603 2885 testimonia,
1653 2832 1805 2889 quae
1836 2811 2120 2871 Haddani
2150 2812 2479 2871 sententiae
2510 2818 2863 2889 repugnent,

622 2903 723 2960 sed
770 2922 902 2959 cum
942 2900 1262 2961 Britonum
1309 2900 1483 2959 simul
1529 2907 1591 2959 et
1636 2900 1948 2961 Scotorum
1994 2900 2284 2960 rationem
2329 2901 2607 2974 habeant,
2654 2901 2725 2959 de
2769 2900 2863 2961 his

619 2989 829 3049 melius
875 2990 1031 3049 infra
1077 2996 1305 3067 agetur.
1397 2990 1532 3049 Hoc
1590 2991 1717 3049 loco
1776 2990 1921 3049 satis
1977 2990 2055 3049 sit
2112 3010 2591 3049 commemorasse
2638 2991 2863 3049 nullum

621 3086 853 3139 exstare
885 3084 1112 3138 certum
1141 3080 1318 3155 hujus
1349 3079 1439 3137 rei
1469 3078 1893 3140 testimonium.
1956 3079 2059 3137 An
2091 3079 2429 3138 testimonio
2477 3100 2603 3139 esse
2648 3087 2863 3157 potest,

623 3168 779 3247 quod
840 3169 1010 3227 Beda
1071 3169 1134 3243 (l.
1182 3170 1256 3244 c.)
1312 3168 1580 3246 prodidit
1626 3190 1781 3228 anno
1832 3169 1958 3227 665
2006 3174 2246 3246 praeter
2292 3168 2463 3241 Vini,
2525 3168 2864 3246 episcopum

622 3257 1089 3317 occidentalium
1123 3256 1440 3331 Saxonum,
1489 3262 1574 3335 (et
1612 3258 1983 3317 Bonifatium
2012 3258 2480 3316 Domnocensem
2513 3258 2569 3315 h.
2603 3278 2651 3316 e.
2687 3258 2741 3329 3,
2778 3258 2861 3315 20

622 3349 656 3424 ξ
706 3348 850 3418 209,
900 3348 1068 3421 cujus
1114 3346 1336 3406 oblitus
1383 3352 1472 3405 est
1517 3346 1629 3407 hoc
1675 3348 1803 3406 loco
1835 3382 1923 3391 —-
1954 3346 2024 3405 cf.
2055 3345 2294 3422 Bright,
2341 3368 2397 3423 p.
2436 3348 2589 3423 212)
2638 3347 2863 3405 nullum

621 3435 800 3493 fuisse
868 3435 930 3494 in
997 3434 1316 3495 Britannia
1385 3436 1727 3514 episcopum
1796 3435 2073 3495 canonice
2143 3434 2529 3501 ordinatqu
2604 3435 2863 3493 Minime.

621 3524 774 3585 Nam
823 3524 1068 3582 dubium
1123 3531 1239 3599 est,
1303 3546 1378 3583 an
1426 3526 1537 3584 hoc
1581 3525 1709 3583 loco
1756 3524 2075 3587 Britonum
2124 3524 2361 3583 omnino
2409 3545 2527 3583 non
2572 3524 2866 3584 rationem

626 3612 924 3685 habuerit,
973 3613 1064 3671 sin
1113 3614 1314 3686 aliter,
1375 3613 1601 3675 rituum
1648 3616 1725 3673 ob
1772 3614 2181 3674 diversitatem
2228 3613 2455 3672 Bedam
2500 3613 2621 3673 illis
2666 3613 2867 3673 verbis

623 3721 794 3760 usum
840 3722 966 3761 esse
1010 3708 1303 3781 putarem.

801 3790 1051 3867 Rejecta
1108 3791 1296 3870 igitur
1340 3790 1625 3850 Haddani
1685 3790 1980 3851 sententia
2032 3796 2265 3852 restant
2324 3792 2535 3868 quinto
2590 3796 2652 3850 et
2698 3796 2867 3849 sexto

623 3880 970 3939 numerandi
1016 3881 1146 3941 loco
1192 3880 1508 3959 peculiaris
1539 3900 1665 3939 mos
1699 3880 2077 3940 consecrandi
2110 3882 2385 3940 ecclesias
2418 3887 2479 3940 et
2510 3880 2869 3940 monasteria

621 3975 682 4028 et
733 3970 1064 4048 peculiares
1109 3971 1262 4030 ritus
1309 3971 1372 4027 in
1421 3969 1773 4029 celebranda
1820 3969 2193 4029 eucharistia.
2270 3971 2363 4029 De
2412 3969 2629 4045 quibus
2677 3988 2869 4046 pauca
2908 4046 2913 4051 .

622 4060 935 4120 sufficiant.
1026 4060 1306 4119 Britones
1354 4058 1534 4132 enim,
1595 4058 1883 4119 secundae
1930 4058 2167 4136 quidem
2214 4064 2277 4118 et
2322 4058 2537 4118 tertiae
2561 4137 2566 4141 .
2586 4078 2732 4136 quas
2778 4058 2866 4115 di-

620 4148 933 4208 stinximus
980 4154 1260 4221 aetatum,
1307 4168 1425 4206 non
1472 4148 1717 4226 primae,
1764 4148 2037 4207 ecclesias
2084 4154 2145 4205 et
2190 4148 2549 4207 monasteria
2591 4147 2871 4208 videntur

622 4258 992 4297 consecrasse
1047 4238 1392 4315 plerumque
1447 4257 1566 4295 non
1612 4238 1723 4297 sub
1770 4238 2005 4297 nomine
2052 4236 2465 4296 defunctorum
2510 4243 2869 4310 sanctorum,

626 4326 728 4385 sed
791 4328 900 4385 sub
957 4327 1342 4385 fundatorum
1389 4326 1659 4387 vivorum
1704 4326 2041 4387 nominibus
2088 4326 2369 4401 (Warren
2414 4350 2473 4407 p.
2524 4326 2650 4405 74),
2696 4346 2870 4406 prae·
