3167 4900
1505 220 1947 277 ...92-

609 400 1033 477 (596--613),
1095 399 1202 476 qui
1260 397 1645 458 Childeberto
1703 396 1866 475 patri
1925 397 1987 455 in
2051 395 2408 473 Burgundia
2467 402 2858 470 successerat,

616 489 942 550 Columbae
987 493 1236 566 propter
1280 507 1418 547 suas
1457 520 1544 531 -
1582 487 1772 564 ipsius
1819 484 2175 544 Theoderici
2207 518 2288 531 -
2321 505 2416 543 res
2454 487 2580 559 jam
2626 485 2860 545 dudum

610 577 883 636 inimicus
944 596 1075 634 eum
1138 573 1553 653 comprehendi
1609 576 1790 651 jussit
1841 579 1903 633 et
1947 593 2056 652 per
2099 573 2365 650 Ligerim
2410 574 2862 634 Nannetensem

609 668 674 726 in
727 666 936 724 urbem
990 670 1467 742 transportatum
1513 664 1575 722 in
1621 664 1881 741 patriam
1926 662 2348 722 remittendum
2393 663 2640 723 curavit.
2731 662 2860 723 Sed

608 754 899 813 Columba
957 754 1101 813 data
1159 752 1442 829 fugiendi.
1484 753 1770 811 facultate
1827 751 1959 828 ipsa
2002 751 2373 811 Nannetensi
2415 752 2566 810 urbe
2612 752 2858 829 elapsus

607 844 683 902 ad
715 842 1192 901 Theodebcrtum
1223 840 1312 914 H,
1357 841 1711 901 Austrasiae
1755 860 1973 916 regem,
2015 840 2264 898 fratrem
2310 838 2686 912 Theoderici,
2715 860 2853 917 per-

605 932 773 991 venit
843 938 905 990 et
972 932 1049 989 ab
1119 950 1188 988 eo
1252 936 1612 1007 potestatem
1675 928 1903 1006 accepit
1964 928 2278 987 habitandi
2341 933 2404 986 et
2465 928 2858 1006 praedicandi

561 1039 565 1044 ·
609 1020 991 1096 Brigantiae,
1051 1019 1114 1077 in
1158 1019 1305 1077 urbe
1352 1018 1688 1078 Helvetiae.
1779 1016 1930 1075 Inde
1975 1016 2171 1076 tribus
2215 1024 2353 1094 post
2398 1017 2573 1075 annis
2617 1017 2860 1077 insidiis

609 1107 963 1167 Theoderici
1009 1108 1237 1166 cedens
1291 1105 1443 1165 abiit
1497 1108 1561 1166 in
1607 1105 1847 1166 Italiam
1891 1104 2097 1182 ibique
2142 1105 2460 1165 Bobiensis
2505 1106 2858 1165 monasterii

606 1198 685 1256 ab
730 1198 861 1274 ipso
894 1195 1119 1254 conditi
1159 1196 1387 1273 primus
1416 1197 1603 1255 abbas
1633 1215 1790 1254 anno
1825 1194 1972 1266 615,
2017 1201 2088 1253 ut
2117 1194 2374 1268 videtur,
2421 1194 2546 1254 vita
2578 1193 2855 1254 decessit.

785 1284 953 1344 Haec
1008 1284 1083 1342 de
1128 1284 1253 1344 vita
1300 1283 1642 1343 Columbae.
1716 1284 1812 1341 De
1858 1282 2123 1342 moribus
2169 1286 2297 1359 ejus
2345 1282 2487 1360 quid
2532 1282 2851 1341 dicendum

604 1375 703 1447 sit,
749 1374 939 1450 magis
984 1378 1188 1432 nostra
1233 1372 1500 1431 interest.
1533 1406 1618 1419 -—
1652 1372 1771 1446 Qui
1817 1378 2014 1431 essent
2043 1370 2356 1431 Scotorum
2387 1391 2580 1430 mores
2617 1372 2856 1449 proprii

603 1464 668 1523 in
714 1462 1005 1521 Columba
1066 1469 1128 1520 et
1185 1460 1249 1519 in
1308 1461 1483 1520 sociis
1538 1464 1666 1536 ejus
1711 1460 1881 1519 brevi
1926 1460 2236 1540 apparuit,
2298 1480 2437 1519 nam
2482 1456 2851 1519 Scolicarum

604 1549 965 1611 tvai-itionum
1009 1548 1403 1609 tenaci-ssim
1448 1557 1800 1609 consectator
1844 1569 1963 1607 non
2003 1549 2130 1608 sine
2162 1548 2365 1626 aliquo
2390 1552 2526 1624 jure
2558 1547 2852 1608 Columba

605 1639 940 1718 appellatus
963 1645 1055 1697 est
1077 1637 1141 1696 in
1165 1638 1364 1697 codice
1390 1638 1646 1715 quodam
1670 1643 1908 1698 vetusto
1933 1636 2309 1713 Sangallensi
2330 1636 2574 1714 (Greith
2597 1658 2654 1715 p.
2674 1637 2851 1713 295).

607 1728 726 1788 Sed
774 1727 1011 1805 quando
1059 1727 1463 1785 controversia
1506 1726 1583 1785 de
1631 1726 1944 1785 Scotorum
1989 1726 2256 1785 moribus
2299 1726 2363 1784 in
2395 1724 2595 1785 Gallia
2640 1732 2852 1785 exerta

604 1818 702 1890 sit,
749 1816 1083 1874 accuratius
1128 1814 1362 1873 definiri
1407 1835 1528 1873 nen
1572 1821 1789 1893 potest.
1877 1814 2151 1874 Primum
2196 1816 2635 1874 controversiae
2679 1815 2850 1884 testi-

605 1904 869 1964 monium
914 1902 1175 1963 occurrit
1218 1903 1391 1963 nobis
1437 1903 1632 1981 prima
1679 1904 1766 1980 [et
1810 1923 1946 1976 una,
1995 1923 2146 1980 quae
2185 1904 2264 1963 ad
2293 1910 2560 1963 nostram
2590 1908 2848 1962 aetatem

604 1992 954 2072 permansit]
1003 1992 1325 2052 Columbae
1372 1992 1632 2069 epistula
1675 1991 1753 2051 ad
1784 1990 2143 2069 Gregorium
2173 1992 2456 2069 Magnum
2502 1991 2695 2063 missa,
2742 1991 2849 2050 sed

607 2103 723 2158 quo
771 2088 1039 2159 tempore
1084 2080 1189 2139 illa
1221 2081 1558 2159 conscripta
1589 2080 1686 2153 sit,
1732 2082 2043 2152 nescimus,
2091 2081 2365 2158 quamvis
2394 2080 2846 2153 verisimilesit,

604 2189 734 2229 eam
797 2169 1227 2247 posterioribus
1286 2170 1487 2247 potius
1533 2168 1817 2246 Gregorii
1877 2170 2048 2228 annis
2104 2175 2408 2228 exaratam
2455 2190 2607 2241 esse,
2668 2188 2850 2247 quam

606 2257 958 2336 prioribus.¹
1032 2256 1284 2316 Publice
1344 2257 1555 2315 deinde
1619 2257 1929 2316 duodecim
1976 2258 2146 2317 annis
2192 2266 2330 2336 post
2375 2258 2697 2318 Columbae
2747 2255 2848 2331 „in

605 2351 898 2406 θάψαντι(
952 2346 1273 2405 adventum
1320 2347 1438 2424 (ep.
1487 2348 1545 2419 2,
1592 2346 1755 2405 Bibl.
1800 2366 1955 2405 max.
2000 2346 2154 2420 XII,
2201 2368 2260 2424 p.
2309 2347 2392 2405 25
2427 2345 2509 2423 G)
2559 2381 2642 2392 —-
2686 2366 2842 2405 anno

607 2437 736 2496 602
784 2436 879 2496 vel
928 2436 1074 2509 603,
1120 2441 1187 2494 ut
1232 2434 1489 2509 videtur,
1540 2469 1620 2481 —
1670 2435 1732 2495 in
1777 2434 2004 2512 synodo
2053 2434 2344 2513 quadam²
2389 2442 2588 2496 actum
2634 2443 2724 2495 est
2767 2434 2845 2494 de

603 2525 1021 2586 controversia.
1096 2523 1200 2583 Ad
1243 2545 1419 2602 quam
1449 2526 1740 2602 synodum
1771 2524 2063 2584 Columba
2092 2545 2226 2584 cum
2256 2525 2385 2603 ipse
2413 2525 2615 2584 venire
2645 2526 2848 2598 nollet,

601 2635 673 2674 ne
701 2613 866 2696 forte
911 2612 1270 2675 contenderet
1301 2632 1586 2693 praesens
1631 2622 1836 2674 contra
1879 2611 2134 2697 apostoli
2159 2613 2381 2675 de‘ctum
2412 2612 2684 2674 dicentis.-
2727 2610 2850 2674 noli

602 2702 788 2762 verbis
848 2702 1185 2763 contendere
1244 2705 1363 2780 (ep.
1412 2705 1476 2774 2,
1524 2724 1583 2780 p.
1632 2703 1716 2760 25
1763 2703 1878 2778 H),
1939 2703 2177 2780 scripsit
2234 2703 2313 2762 ad
2371 2710 2574 2780 patres
2635 2702 2850 2780 synodi

603 2790 932 2868 epistolam,
980 2810 1133 2867 quae
1180 2796 1378 2849 exstat
1423 2791 1684 2849 secunda
1730 2791 1913 2865 (Bibl.
1961 2810 2112 2848 max.
2145 2790 2299 2865 XII,
2343 2810 2402 2867 p.
2450 2791 2535 2848 24
2584 2793 2758 2868 sqq.).

780 2877 913 2936 Has
957 2878 1106 2938 duas
1151 2878 1451 2958 epistolas,
1497 2878 1661 2936 illam
1707 2877 1785 2936 ad
1817 2876 2175 2955 Gregorium
2222 2885 2284 2938 et
2326 2880 2479 2938 hanc
2524 2879 2602 2938 ad
2646 2885 2852 2957 patres

602 2966 813 3044 synodi
858 2965 1123 3039 missam,
1183 2986 1315 3026 cum
1363 2965 1777 3040 conscriberet,
1825 2966 2150 3028 Columbae
2195 2967 2457 3027 nondum
2503 2966 2850 3046 persuaderi

601 3059 842 3136 poterat
886 3054 1197 3115 Gallorum
1254 3053 1595 3114 celebrandi
1639 3055 1777 3114 festi
1821 3057 2116 3134 paschalis
2161 3076 2385 3116 merem
2429 3075 2682 3134 pravum
2727 3075 2851 3115 non

749 3246 771 3277 ²
810 3244 1101 3298 Greithius
1139 3246 1224 3313 (p.
1252 3245 1383 3314 266)
1422 3246 1703 3314 epistulae
1741 3249 1989 3299 aetatem
2026 3245 2267 3300 indicari
2305 3249 2472 3314 put-at
2507 3262 2849 3301 commemo-

603 3321 731 3371 rato
782 3330 816 3370 a
866 3314 1140 3370 Columba
1180 3314 1436 3370 Candido
1487 3317 1825 3385 presbytero
1881 3334 1914 3370 a
1953 3315 2230 3385 Gregorio
2270 3318 2332 3370 in
2367 3317 2618 3372 Galliam
2653 3318 2842 3381 misso,

606 3388 705 3449 sed
756 3389 816 3440 et
852 3385 1140 3441 Candidus
1189 3390 1319 3454 post
1355 3404 1564 3441 annum
1602 3387 1834 3440 circiter
1871 3387 1974 3442 595
2020 3386 2116 3458 (cf.
2157 3386 2330 3457 Greg.
2371 3389 2461 3443 ad.
2484 3387 2706 3451 Cand.;
2747 3404 2843 3456 op.

605 3459 692 3511 ed.
733 3457 947 3512 Bened.
987 3456 1066 3522 Π,
1106 3475 1161 3526 Ρ,
1190 3457 1322 3527 796)
1362 3458 1682 3528 complures
1719 3474 1894 3512 annos
1931 3458 1990 3510 in
2028 3457 2219 3513 Gallia
2257 3460 2590 3513 versabatur
2629 3458 2726 3528 (cf.
2754 3473 2844 3529 ep.

605 3527 778 3596 Greg.
819 3529 908 3581 ad.
952 3528 1158 3593 Cand.;
1197 3545 1288 3596 ep.
1328 3529 1408 3594 H,
1456 3547 1511 3598 p.
1555 3528 1718 3596 1171)
1769 3533 1842 3593 et,
1895 3533 2033 3598 quot
2068 3529 2350 3584 mensibus
2389 3532 2483 3584 vel
2520 3531 2680 3584 annis
2716 3533 2852 3598 pest

604 3598 758 3653 illius
797 3598 1101 3654 adventum
1138 3599 1384 3667 epistula
1411 3599 1723 3653 Columbae
1761 3598 1974 3668 scripta
2011 3600 2101 3664 sit,
2141 3603 2202 3655 in
2240 3603 2464 3656 occulto
2501 3602 2664 3655 latet.
2731 3599 2850 3656 Sed

600 3667 947 3723 Laurentius
986 3669 1411 3734 Cantuarensis,
1466 3670 1575 3722 nisi
1624 3672 1893 3725 mentitus
1941 3674 2028 3725 est
2064 3672 2250 3740 (Beda
2285 3673 2341 3727 h.
2383 3691 2432 3728 e.
2472 3674 2524 3739 2,
2562 3672 2614 3738 4,
2656 3673 2687 3743 ξ
2729 3671 2841 3740 98),

603 3739 675 3794 de
711 3738 989 3793 Columba
1038 3756 1151 3792 non
1199 3740 1419 3794 audivit
1463 3741 1577 3795 nisi
1624 3746 1994 3811 postquam
2042 3743 2310 3796 Britones
2358 3745 2653 3813 cognovit,
2704 3759 2841 3810 ergo

602 3814 735 3880 post
784 3826 991 3864 annum
1034 3810 1137 3865 597
1182 3810 1275 3864 vel
1324 3812 1512 3879 potius
1557 3813 1681 3881 6013
1737 3813 1904 3882 quod,
1960 3829 2088 3866 cum
2132 3813 2648 3883 frequentissimum
2692 3829 2843 3867 com·

603 3882 872 3935 mersium
916 3882 1048 3935 tune
1088 3880 1260 3931 fuerit
1300 3882 1446 3935 iuter
1472 3882 1828 3937 Britanniam
1867 3887 1924 3936 et
1951 3883 2198 3939 Galliam
2236 3889 2297 3938 et
2321 3885 2580 3950 Romam,
2621 3889 2680 3938 et
2715 3901 2846 3938 cum

607 3955 715 4019 ipsi
755 3955 1012 4007 Candide
1052 3971 1180 4007 sum
1208 3955 1524 4015 August-'nn
1563 3958 1625 4008 et
1646 3953 1958 4008 Laurentio
1997 3956 2349 4011 consuetudo
2388 3956 2596 4021 fuerit,
2619 3956 2849 4010 videtur

607 4023 884 4087 indicare,
936 4027 1380 4079 ceriti-[mersium
1424 4027 1577 4080 illam
1615 4027 1712 4082 vix
1747 4029 1880 4080 ante
1920 4027 2178 4082 exeuntis
2215 4027 2426 4082 saeculi
2462 4032 2687 4097 tempus
2726 4042 2846 4081 esse

603 4099 800 4151 firm*

1048 4167 1320 4235 ayne-:lum
1384 4169 1826 4238 intellegendam
1883 4184 2004 4222 esse
2059 4170 2333 4236 synodum
2389 4170 2850 4226 Cabillonensem

14 4158 988 4576 f
1004 4239 1948 4378 “qq‘ifuffl,Eghfaffssssisszopinams
1987 4243 2076 4294 est
2100 4239 2394 4295 Hertelius
2423 4274 2490 4282 —
2516 4240 2850 4296 zeitschrift

1060 4598 1273 4868 h
