3167 4900
1147 247 1617 311 ·-25-

289 436 398 494 hoc
445 434 644 492 odium
693 455 810 492 non
854 453 1006 492 unus
1051 433 1218 491 Beda
1265 438 1683 493 commemorat
1728 432 1808 508 (h.
1842 452 1889 490 e.
1927 433 1983 504 2,
2018 433 2100 490 20
2149 432 2186 509 ἓ
2225 431 2375 508 147)
2421 431 2524 490 sed

287 525 680 602 comprobant
723 523 986 600 ipsorum
1019 523 1350 595 Britonum,
1397 541 1547 599 quae
1595 526 1833 580 exstant
1877 521 2095 579 saeculi
2127 517 2237 581 VIi
2284 526 2345 579 et
2375 517 2524 581 VIIi

287 613 548 672 carmina
597 613 693 688 (cf.
725 611 1140 689 Lappenberg,
1189 610 1544 670 Geschichte
1592 631 1707 669 von
1739 609 2016 686 England
2060 631 2117 686 p.
2148 609 2524 687 XXXVII).

466 702 632 774 Quae
678 721 809 759 cum
855 701 942 759 ita
987 701 1138 775 sint,
1203 705 1328 776 jam
1385 706 1637 778 apparet
1691 699 2155 758 controversiam
2212 720 2281 758 ea
2334 705 2525 776 parte,

279 797 582 868 quatenus
627 811 700 848 ex
745 809 974 847 morum
1019 789 1368 850 diversitate
1424 794 1558 847 orta
1614 794 1772 862 erat,
1836 807 2077 865 gravem
2137 785 2255 847 no‘n
2309 788 2524 858 fuisse3

286 887 488 938 tamen
535 879 866 937 accuratius
913 879 1084 938 nobis
1138 878 1630 955 perscrutandum
1685 883 1797 951 est,
1860 877 2102 953 quinam
2161 877 2383 935 fuerint
2438 875 2527 934 illi

285 969 468 1046 prisci
527 988 734 1026 mores.
845 967 1012 1026 Duos
1073 966 1480 1044 Augustinum
1541 965 1707 1024 Beda
1767 965 1911 1024 facit
1970 971 2525 1024 commemorantem

287 1057 370 1132 (h.
416 1077 463 1116 e.
513 1058 570 1129 2,
621 1057 658 1114 2
710 1057 744 1133 ξ
797 1057 922 1132 93),
989 1056 1346 1135 peculiarem
1391 1055 1534 1115 festi
1577 1054 1872 1133 paschalis
1919 1054 2419 1134 computationem
2466 1059 2526 1112 et

286 1145 632 1224 baptizandi
680 1165 914 1204 morem.

467 1235 560 1292 De
592 1234 1203 1312 computationefesti
1233 1233 1526 1311 paschalis
1574 1252 1755 1310 supra
1793 1235 1921 1308 jam
1968 1232 2111 1292 satis
2158 1232 2525 1310 disputatum

289 1330 392 1382 est.
486 1323 847 1401 Baptizandi
907 1329 1104 1381 autem
1165 1322 1266 1399 qui
1326 1323 1508 1381 fuerit
1576 1341 1703 1380 mos
1762 1321 2081 1380 Britonum
2100 1367 2115 1396 ,
2183 1341 2292 1399 pro
2363 1325 2525 1379 certo

287 1412 574 1472 affirmari
622 1433 738 1470 non
783 1418 980 1489 potest
1027 1412 1122 1487 (cf.
1155 1411 1375 1488 Bright
1420 1433 1477 1489 p.
1511 1412 1642 1488 80).
1736 1410 2017 1469 Testibus
2062 1410 2209 1469 viris
2254 1409 2523 1468 doctissi-

285 1500 398 1560 mis
429 1501 509 1559 H.
558 1501 676 1559 and
707 1500 795 1559 St.
843 1501 919 1576 (Ι,
965 1523 1022 1579 p.
1063 1501 1184 1558 153
1219 1504 1332 1577 sq.)
1379 1519 1628 1577 quorum
1676 1499 2029 1558 sententiam
2074 1499 2381 1560 verbosius
2428 1519 2525 1556 ex-

285 1589 558 1668 planavit
603 1590 952 1648 Warrenius
1001 1592 1080 1666 (p.
1131 1590 1419 1665 64—67)
1477 1589 1735 1646 omnium
1796 1592 2265 1664 conjecturarum
2321 1587 2523 1646 verisi-

287 1679 532 1736 millima
579 1683 693 1750 est,
741 1678 898 1754 quod
945 1679 1104 1757 apud
1150 1677 1430 1736 Britones
1475 1677 1733 1736 infantes
1777 1676 2121 1754 baptizandi
2169 1678 2349 1735 semel
2396 1682 2525 1734 tan-

286 1774 412 1826 tum
457 1767 521 1825 in
567 1787 780 1843 aquam
825 1767 1248 1844 mergebantur
1291 1785 1409 1825 non
1439 1773 1550 1839 ter,
1598 1766 1751 1825 sicut
1782 1785 1905 1824 mos
1946 1770 2077 1824 erat
2105 1765 2525 1824 Romanorum.

286 1857 421 1915 Hac
470 1876 612 1932 ergo
659 1859 997 1930 conjectura
1043 1855 1494 1931 acquiescamus.

469 1941 692 2016 Cetera,
737 1963 884 2026 quae
913 1943 1192 2004 Britones
1224 1953 1474 2026 aym-ent,
1521 1942 1786 2024 quamvis
1824 1940 2082 2002 moribus
2114 1938 2527 2002 Romanorum

285 2032 607 2106 contraria,
676 2033 1092 2114 aequanimiter
1126 2041 1356 2092 'cuncta
1417 2052 1476 2092 se
1533 2029 1915 2092 toleraturum
1974 2050 2090 2092 esse
2151 2030 2525 2108 Augustinus

286 2129 438 2182 teste
484 2122 652 2180 Beda
699 2123 778 2198 (h.
828 2143 874 2180 e.
926 2124 982 2195 2,
1017 2123 1055 2180 2
1103 2123 1140 2200 ξ
1189 2123 1298 2200 93)
1344 2123 1633 2200 promisit.
1725 2121 1981 2180 Leviora
2028 2141 2167 2198 ergo
2214 2121 2359 2198 ipsis
2406 2121 2524 2178 Ro-

285 2211 476 2271 manis
523 2211 897 2270 videbantur.
991 2209 1110 2270 Sed
1169 2231 1546 2288 quaeramus,
1618 2230 1768 2286 quae
1830 2211 2067 2269 fuerint.
2156 2210 2525 2269 Peculiarem

286 2307 564 2360 tonsurae
610 2301 856 2358 formam
903 2301 965 2358 in
1013 2300 1104 2358 his
1149 2301 1356 2374 fuisse,
1428 2320 1768 2378 quanquam
1822 2299 1992 2357 Beda
2045 2300 2119 2358 de
2174 2298 2527 2358 Britonibus

285 2410 468 2469 agens
515 2389 588 2449 de
635 2410 704 2449 ea
749 2391 1105 2449 mentionem
1161 2411 1278 2449 non
1333 2390 1498 2462 fecit,
1569 2389 1957 2467 comprobant
2018 2409 2149 2446 cum
2210 2408 2305 2463 ea,
2376 2406 2527 2464 quae

285 2501 468 2558 supra
515 2479 588 2537 de
627 2478 860 2538 Galliae
907 2486 968 2539 et
1015 2480 1342 2558 Hispaniae
1387 2479 1741 2538 Britonibus
1784 2478 2155 2556 protulimus,
2202 2485 2328 2536 tum
2374 2475 2525 2535 Ald-

285 2568 466 2627 helmi
527 2568 762 2627 abbatis
825 2589 976 2646 quae
1038 2575 1235 2628 exstat
1296 2568 1503 2645 (Jaffe,
1564 2567 1943 2625 Bibliotheca
1996 2587 2109 2624 rer.
2158 2564 2356 2625 Germ.
2405 2564 2525 2623 III.

287 2680 378 2735 ep.
419 2658 471 2731 1,
505 2678 562 2735 p.
597 2660 676 2714 26
713 2660 826 2734 sq.)
873 2658 1132 2735 epistula
1171 2657 1245 2717 ad
1275 2656 1635 2717 Geruntium
1680 2676 1879 2732 regem
1910 2655 2281 2715 Damnoniae
2328 2654 2527 2730 (hodie

285 2742 648 2805 Devonshire
693 2753 754 2804 et
805 2742 1192 2823 Comwallis).
1283 2746 1400 2807 Sed
1445 2752 1687 2825 praeter
1730 2746 1839 2804 hos
1882 2765 2104 2819 mores,
2181 2746 2242 2820 1)
2290 2764 2525 2821 compu-

289 2836 578 2895 tationem
609 2836 748 2895 festi
777 2836 1090 2913 paschalis,
1141 2837 1204 2913 2)
1236 2835 1582 2913 baptizandi
1632 2835 1801 2908 ritus,
1853 2834 1917 2910 3)
1949 2840 2229 2893 tonsurae
2261 2834 2527 2905 formam,

287 2924 467 2984 etiam
516 2923 661 2983 alios
708 2944 1050 2983 enumerare
1097 2944 1422 3002 possumus.

465 3012 550 3071 Et
598 3018 807 3090 quarto
843 3013 1080 3091 quidem
1111 3014 1238 3071 loco
1269 3013 1595 3091 peculiares
1628 3011 2021 3071 ordinationis
2060 3012 2227 3083 ritune,
2275 3028 2527 3086 quorum

289 3102 512 3162 ment-io
575 3122 753 3179 supra
815 3108 904 3161 est
965 3103 1125 3161 facta
1186 3104 1266 3180 (p.
1321 3104 1446 3177 17).
1515 3102 1867 3160 Lectionum
1915 3100 2070 3159 enim
2118 3119 2345 3172 cursus,
2410 3120 2527 3181 quo

291 3192 572 3250 Britones
615 3196 766 3250 teste
815 3190 994 3250 Gilda
1039 3190 1387 3265 utebantur,
1449 3190 1599 3249 alius
1654 3194 1783 3247 erat
1842 3194 2024 3266 atque
2066 3188 2130 3246 in
2177 3188 2391 3247 ceteris
2438 3208 2527 3247 ec-

290 3280 510 3352 clesiis,
557 3300 664 3339 nec
709 3300 829 3339 non
873 3280 1182 3357 proprium
1228 3286 1356 3337 erat
1401 3278 1736 3351 Britonum,
1785 3278 1945 3354 quod
1982 3312 2055 3320 —
2095 3277 2298 3336 eodem
2346 3274 2527 3335 Gilda

288 3376 440 3429 teste
485 3404 562 3413 --
609 3369 790 3428 etiam
835 3390 1043 3428 manus
1089 3368 1549 3427 ordinandorum
1598 3368 1911 3426 chrismate
1956 3366 2408 3448 inungebantur,
2430 3366 2527 3441 (cf.

287 3459 542 3519 Warren
597 3480 655 3536 p.
707 3456 786 3517 69
837 3478 922 3533 sq.
969 3458 1050 3517 Η.
1097 3458 1214 3517 and
1261 3456 1348 3516 St.
1395 3456 1445 3531 Ι,
1501 3478 1558 3534 p.
1612 3456 1735 3515 155
1784 3477 1909 3515 nro.
1960 3457 2041 3533 5).
2134 3454 2253 3515 Sed
2308 3456 2419 3514 hac
2464 3455 2528 3514 in

287 3568 350 3606 re
397 3547 816 3624 negligendum
863 3567 980 3607 non
1028 3554 1134 3620 est,
1183 3546 1430 3604 eundem
1477 3566 1697 3605 morem
1744 3545 2215 3622 inungendarum
2248 3565 2528 3604 manuum

286 3643 497 3714 postea
542 3636 796 3695 inveniri
840 3636 903 3693 in
949 3636 1079 3712 ipsa
1125 3635 1457 3712 Anglorum
1507 3634 1751 3694 ecclesia
1798 3634 2109 3710 (Warren,
2157 3658 2213 3714 p.
2266 3636 2347 3691 70
2397 3636 2527 3711 sq.).

469 3724 690 3799 Quinto
753 3725 880 3783 loco
940 3724 1056 3783 viri
1118 3724 1444 3784 doctissimi
1500 3724 1578 3781 H.
1628 3724 1745 3783 and
1792 3722 1883 3782 St.
1930 3730 2390 3783 commemorant
2453 3724 2527 3799 (I,
2630 3792 2635 3797 ⁸

288 3836 343 3892 p.
383 3814 507 3872 155
556 3834 680 3872 nro·
717 3815 780 3890 6)
827 3813 1142 3873 Britonum
1189 3834 1410 3874 morem
1456 3812 1637 3871 fuisse
1685 3812 1991 3889 episcopos
2038 3812 2403 3872 consecarari
2452 3813 2527 3871 ab

288 3924 403 3961 uno
437 3903 626 3961 altero
659 3904 936 3980 episcopo
969 3924 1086 3961 non
1129 3902 1333 3961 accitis
1365 3902 1595 3961 duobus
1642 3902 1791 3975 aliis,
1838 3901 2012 3961 sicuti
2060 3922 2311 3959 canones
2356 3921 2525 3977 prae-

289 3992 535 4068 cipiunt.
627 3992 758 4049 Hoc
813 3995 938 4067 jam
986 3992 1334 4050 Warrenius
1381 3994 1462 4070 (p.
1515 3993 1623 4067 69)
1668 3992 1732 4049 in
1796 3989 2227 4048 dubitationem
2290 3988 2529 4047 vocavit

291 4080 517 4157 optimo
541 4080 805 4157 ,quidem
843 4084 994 4157 jure,
1043 4080 1147 4139 sed
1193 4080 1412 4141 leviore
1460 4080 1715 4157 quodam
1760 4083 2124 4155 argumento.
2189 4076 2529 4137 Verisimile

289 4189 402 4227 non
469 4190 621 4241 esse,
692 4170 804 4242 ait,
873 4169 1180 4241 Britones,
1253 4190 1501 4245 quorum
1561 4167 1822 4246 episcopi
1885 4166 2128 4226 concilio
2184 4165 2529 4225 Arelatensi

289 4258 728 4333 interfuissent,
798 4265 1004 4335 postea
1075 4278 1339 4334 egressos
1401 4277 1527 4315 esse
1589 4262 1759 4316 extra
1826 4256 2001 4331 hujus
2072 4256 2257 4333 ipsius
2320 4255 2528 4331 synodi

195 4356 202 4363 ’
291 4348 735 4425 praescriptum⁴
776 4350 927 4423 (can.
985 4348 1083 4405 20.
1139 4346 1358 4420 Mansi,
1417 4365 1635 4404 sacror.
1694 4345 1987 4404 concilior.
2044 4346 2219 4423 ampl.
2268 4347 2395 4403 coll.
2442 4344 2529 4421 ΙΙ,
