3167 4900
1257 221 1645 276 -7-

326 395 684 456 Culdeorum
729 396 1016 473 explicari
1059 416 1180 455 non
1225 400 1458 474 potest,
1505 396 1623 454 nisi
1667 417 1857 474 pauca
1902 401 2079 454 antea
2124 395 2449 456 dixerimus
2494 397 2569 456 de

326 485 686 544 Ouldeorum
731 485 983 544 historia
1029 493 1090 544 et
1135 491 1366 546 natura.
1441 484 1667 556 culdei,
1716 506 1965 563 quorum
2012 506 2201 562 neque
2248 486 2405 563 apud
2452 486 2566 545 Be-

325 575 462 632 dam
509 592 699 651 neque
745 573 808 631 in
857 573 1197 633 Adamnani
1242 573 1370 632 vita
1417 573 1742 633 Columbae
1797 574 1896 650 (de
1942 595 2060 650 qua
2107 575 2227 633 vid.
2273 575 2453 651 infra)
2499 575 2569 634 fit

325 663 579 736 mentio,
641 661 898 740 primum
943 664 1006 720 in
1052 663 1347 721 Hibernia
1408 662 1789 740 reperiuntur
1846 664 2079 722 saeculo
2137 664 2388 722 fortasse
2442 667 2567 738 jam

323 752 576 828 septimo
635 750 859 827 (Skene
905 751 992 822 II,
1055 772 1112 828 p.
1163 752 1326 822 2513
1393 750 1474 807 H.
1522 751 1639 809 and
1687 750 1776 811 St.
1822 751 1916 824 H,
1969 753 2023 824 1,
2083 773 2139 828 p.
2194 753 2344 826 118)
2406 759 2569 812 certo

325 846 536 898 octavo
567 840 674 914 (H.
705 840 826 897 and
855 839 945 898 St.
975 839 1062 912 H,
1103 841 1154 911 1,
1195 860 1252 916 p.
1292 839 1442 914 175)
1490 839 1554 898 in
1586 838 1791 899 Scotia
1835 861 1956 899 non
2002 847 2140 899 ante
2187 861 2404 898 annum
2437 841 2563 899 842

325 928 432 1004 (H.
463 928 581 986 and
611 925 698 986 St.
731 927 817 1000 Π,
857 930 910 1001 1,
953 949 1012 1006 p.
1052 929 1173 985 118
1208 934 1268 986 et
1297 950 1355 1007 p.
1395 929 1564 1004 147),
1612 949 1804 1004 neque
1850 935 2051 1007 potest
2095 928 2376 1001 dubitari,
2424 930 2567 1005 quin

324 1025 468 1076 tunc
515 1017 624 1074 hac
670 1017 910 1074 notione
958 1017 1278 1092 significati
1324 1016 1446 1075 sint
1491 1017 1763 1075 monachi
1810 1017 2125 1077 strictioris
2156 1019 2567 1078 observantiae

327 1106 432 1180 (H.
465 1103 583 1163 and
616 1103 703 1163 St.
749 1104 835 1176 ΙΙ,
889 1107 942 1177 1,
991 1127 1046 1183 p.
1088 1105 1232 1178 175,
1279 1105 1475 1164 Skene
1521 1105 1609 1178 ΙΙ,
1655 1127 1714 1184 p.
1750 1107 1903 1181 252)
1950 1107 2221 1183 inprimis
2268 1107 2567 1166 eremitae.

325 1193 445 1267 Qui
491 1214 623 1252 cum
669 1213 1109 1268 nonnumquam
1173 1192 1332 1271 apud
1380 1189 1611 1252 vet'eres
1673 1195 1958 1271 appellati
2020 1195 2142 1252 sint
2210 1195 2566 1268 „deicolae“,

325 1286 491 1358 cujus
537 1282 625 1340 rei
669 1282 1010 1341 testimonia
1055 1282 1320 1341 invenies
1365 1283 1524 1360 apud
1572 1281 1859 1342 Skenium
1890 1284 1979 1355 II,
2024 1305 2082 1360 p.
2118 1284 2263 1356 238,
2313 1282 2568 1344 Skenius

326 1373 571 1430 verbum
623 1369 980 1444 „Ceile-De“
1033 1370 1191 1428 idem
1239 1391 1366 1430 esse
1412 1378 1615 1448 putat,
1678 1372 1838 1446 quod
1883 1372 2175 1444 deicolae,
2246 1371 2567 1449 eademque

323 1460 396 1518 de
444 1479 620 1518 causa
665 1459 941 1518 eremitas
988 1460 1050 1517 in
1095 1460 1394 1520 Hibernia
1449 1459 1809 1533 „Ceile·De“
1882 1461 2005 1519 sive
2052 1459 2305 1520 Culdeos
2365 1460 2564 1538 appel·

319 1550 472 1608 latos
521 1568 650 1607 esse
695 1548 977 1625 opinatur
1023 1548 1134 1624 (ΙΙ,
1183 1569 1240 1625 p.
1290 1549 1464 1625 251).
1555 1549 1835 1607 Profecto
1892 1547 2147 1608 Skenius
2206 1549 2376 1608 nobis
2436 1569 2566 1626 per·

319 1637 612 1709 suaderet,
659 1637 776 1696 nisi
806 1637 950 1696 haec
983 1636 1280 1696 sententia
1325 1641 1452 1712 ejus
1499 1638 1827 1696 arctissime
1874 1644 2027 1697 esset
2072 1640 2389 1712 conjuncta
2434 1657 2569 1696 cum

317 1727 528 1799 altera,
574 1746 751 1802 quam
797 1726 1008 1784 falsam
1053 1745 1180 1784 esse
1227 1726 1501 1801 equidem
1546 1746 1891 1802 persuasum
1938 1726 2084 1784 mihi
2128 1727 2333 1785 habe0.
2423 1727 2565 1784 Per—

319 1835 526 1892 peram
573 1815 730 1872 enim
777 1815 967 1891 ipsam
1013 1813 1390 1872 eremitarum
1422 1813 1667 1873 vivendi
1713 1814 2005 1873 rationem
2052 1817 2283 1873 saeculo
2332 1815 2565 1872 demum

319 1903 572 1981 septimo
632 1903 694 1961 in
740 1903 1034 1962 Hibernia
1095 1902 1502 1981 pererebuisse
1564 1901 1737 1961 docet
1783 1904 1879 1979 (cf.
1926 1903 2126 1979 infra).
2221 1904 2387 1977 Quae
2434 1923 2565 1961 cum

322 1993 409 2052 i'ta
455 1991 608 2064 sint,
657 2012 808 2069 quae
855 1992 934 2051 sit
979 1991 1234 2050 nominis
1281 1991 1639 2050 Ouldeorum
1687 1991 1852 2070 origo
1901 1997 1962 2050 et
2005 1991 2354 2070 principalis
2400 1993 2566 2051 verbi

319 2080 677 2157 significatio
697 2125 711 2154 ,
779 2081 842 2139 in
889 2080 1080 2139 medio
1127 2079 1578 2156 relinquendum
1628 2086 1747 2152 est,
1818 2079 2006 2138 donec
2068 2083 2348 2139 tenebrae
2411 2081 2564 2154 illae,

319 2169 538 2246 quibus
582 2169 720 2228 inde
767 2171 844 2228 ab
892 2189 1047 2227 anno
1097 2169 1300 2226 700²³⁰
1348 2189 1532 2245 usque
1579 2169 1657 2227 ad
1702 2189 1923 2227 annum
1968 2170 2093 2228 fere
2131 2170 2425 2227 1000mum
2473 2190 2563 2228 ec·

318 2257 648 2317 clesiastica
709 2256 1022 2316 Scotorum
1080 2257 1330 2316 historia
1391 2259 1773 2330 obscuratur,
1838 2264 2271 2317 removeantur.
2376 2258 2565 2320 Nobis

316 2348 428 2406 hoc
490 2347 806 2406 dolendum
873 2366 993 2405 non
1057 2353 1176 2420 est,
1248 2354 1402 2406 nam·
1447 2348 1521 2405 de
1588 2346 1829 2406 Guldeis
1898 2347 2137 2406 omnino
2196 2348 2377 2406 verba
2445 2368 2563 2407 non

319 2436 604 2510 fecissem,
651 2435 769 2495 nisi
814 2456 1128 2515 perperam
1157 2435 1470 2496 Ebrardus
1514 2436 1627 2495 hoc
1674 2435 1910 2495 nomine
1957 2437 2317 2515 appellasset
2362 2457 2564 2495 omnes

317 2525 539 2606 prioris
585 2546 821 2603 quoque
867 2525 1153 2603 temporis
1200 2524 1410 2584 Scotos
1425 2569 1439 2598 ,
1501 2525 1807 2602 patribus,
1869 2531 1938 2583 ut
1980 2526 2069 2583 ita
2113 2525 2304 2583 dicam
2323 2570 2337 2598 ,
2407 2525 2561 2584 dele-

318 2634 466 2691 gans
481 2658 495 2687 ,
570 2615 728 2691 quod
773 2615 848 2673 de
893 2614 1032 2673 solis
1078 2612 1218 2673 filiis
1265 2620 1516 2673 constat.
1608 2615 1777 2688 Quae
1824 2613 2258 2691 perquirendae
2304 2613 2562 2690 antiqui·

317 2704 462 2763 tatis
521 2703 676 2763 ratio
737 2722 914 2779 quam
974 2703 1204 2762 lubrica
1263 2708 1326 2762 et
1385 2702 1568 2761 dubia
1624 2702 1863 2761 omnino
1920 2703 2031 2773 sit,
2100 2703 2213 2761 hoc
2257 2703 2385 2781 ipso
2432 2704 2562 2762 loco

319 2799 532 2871 sponte
591 2797 859 2871 apparet.
951 2792 1107 2853 Nam
1154 2792 1438 2865 Ouldeos,
1510 2812 1660 2868 quos
1720 2793 1953 2851 saeculo
2018 2798 2229 2851 octavo
2290 2792 2566 2852 eremitas

317 2882 500 2941 fuisse
545 2881 893 2955 invenimus,
942 2881 1178 2941 eosdem
1222 2881 1417 2941 tribus
1461 2881 1556 2940 vel
1606 2886 1865 2959 quatuor
1909 2881 2160 2940 saeculis
2205 2888 2345 2959 post
2390 2901 2562 2939 cano·

317 2971 482 3029 nicos
542 2969 724 3029 fuisse
789 2970 1040 3029 historia
1098 2970 1290 3030 docet.
1381 2970 1555 3043 Quod
1618 2970 1775 3028 unde
1836 2971 2057 3028 factum
2112 2970 2221 3042 sit,
2292 2969 2565 3042 Skenius,

319 3080 452 3118 cum
499 3065 662 3145 certa
707 3059 780 3117 de
825 3058 1190 3136 temporibus
1233 3058 1741 3118 intercedentibus
1800 3057 2142 3117 testimonia
2204 3057 2431 3131 desint,
2494 3080 2566 3116 ex

317 3147 538 3209 fabulis
585 3148 890 3207 enucleare
935 3153 1182 3206 conatus
1237 3154 1328 3205 est
1374 3145 1486 3221 (ΙΙ,
1532 3168 1591 3223 p.
1641 3145 1788 3203 254.
1840 3147 2011 3222 276),
2082 3146 2355 3221 equidem
2410 3149 2564 3206 malo

315 3236 494 3296 fateri
539 3236 764 3297 nescire
809 3256 934 3309 nos,
983 3236 1140 3313 quod
1181 3236 1526 3295 nesciamus.
1617 3234 1926 3295 Nescimus
1970 3235 2173 3312 igitur,
2221 3235 2457 3310 quando
2505 3243 2567 3295 et

317 3326 536 3403 quibus
593 3326 771 3384 rebus
831 3325 1110 3385 commoti
1155 3324 1367 3383 Culdei
1414 3324 1813 3384 canonicalem
1858 3323 2119 3401 amplexi
2180 3325 2300 3383 sint
2363 3324 2564 3397 vitam,

317 3414 608 3474 nescimus
655 3433 891 3490 quoque
910 3458 924 3487 ,
997 3414 1234 3491 quando
1281 3420 1344 3473 et
1389 3414 1607 3489 quibus
1654 3413 1727 3471 de
1775 3413 1965 3472 causis
2026 3411 2343 3492 disciplina
2404 3413 2565 3491 apud

319 3523 418 3562 eos
465 3503 726 3580 collapsa
784 3503 879 3562 sit.
969 3502 1252 3562 Forsitan
1314 3502 1516 3575 bellis,
1590 3523 1741 3579 quae
1787 3501 1983 3562 Scotis
2028 3522 2163 3561 cum
2207 3501 2565 3562 Nox-mannis

317 3591 578 3668 gerenda
623 3596 810 3662 erant,
858 3593 1084 3651 factum
1130 3592 1226 3664 sit,
1272 3597 1342 3650 ut
1373 3590 1687 3649 Scotorum
1733 3591 1979 3651 ecclesia
2025 3591 2394 3669 temporibus
2439 3590 2564 3651 Scti

316 3680 615 3739 Bernardi
645 3678 1104 3739 Claravallensis
1135 3680 1408 3739 nonnihil
1439 3680 1556 3738 alia
1588 3679 1864 3739 videatur
1910 3700 2051 3753 esse,
2100 3686 2281 3757 atque
2324 3678 2566 3739 ineunte

317 3789 464 3829 aevo
525 3768 738 3827 medio.
848 3770 1005 3830 Nam
1065 3789 1180 3828 non
1230 3768 1343 3828 soli
1402 3767 1614 3827 Ouldei
1673 3776 1949 3827 naturam
2013 3775 2396 3828 mutaverunt
2463 3768 2567 3828 sed

319 3859 519 3930 etiam,
565 3864 635 3917 ut
679 3857 836 3917 infra
881 3858 1117 3936 saepius
1163 3857 1510 3931 videbimus,
1558 3878 1751 3917 mores
1798 3863 1859 3915 et
1901 3857 2055 3917 ritus
2102 3857 2205 3915 alii
2250 3864 2567 3917 occurrunt

319 3947 552 4007 saeculo
600 3946 969 4020 duodecime,
1017 3946 1123 4005 alii
1165 3946 1466 4026 prioribus
1511 3946 1895 4025 temporibus.

499 4036 668 4110 Quae
728 4055 861 4094 cum
919 4036 1008 4095 ita
1067 4036 1187 4094 sint
1203 4078 1218 4109 ,
1289 4036 1420 4095 luce
1467 4034 1683 4095 clarius
1744 4041 1835 4093 est
1895 4034 2317 4109 quaerentibus
2378 4033 2565 4108 nobis,

321 4124 526 4199 quales
569 4123 794 4183 fuerint
839 4125 1120 4201 antiquae
1165 4124 1485 4183 Britonum
1532 4122 1962 4198 Scotorumque
2019 4122 2297 4182 ecclesiae
2357 4142 2565 4196 mores,

322 4232 472 4289 quae
517 4213 676 4272 ratio
721 4213 999 4272 credendi
1046 4220 1108 4273 et
1150 4213 1425 4285 vivendi,
1495 4212 1717 4272 saeculi
1776 4211 2073 4271 undecimi
2128 4218 2189 4272 et
2235 4211 2567 4271 duodecimi

321 4321 518 4361 rerum
564 4303 856 4361 rationem
903 4302 1156 4381 amplius
1199 4301 1533 4361 habendam
1577 4321 1698 4360 non
1745 4322 1901 4374 esse3
1970 4300 2147 4360 immo
2204 4300 2343 4361 solis
2389 4301 2565 4360 certis
